<?xml version="1.0" encoding="UTF-8"?>
<!DOCTYPE html PUBLIC "-//W3C//DTD XHTML 1.0 Transitional//EN"
    "http://www.w3.org/TR/xhtml1/DTD/xhtml1-transitional.dtd">
<html xmlns="http://www.w3.org/1999/xhtml" xml:lang="en" lang="en">
 <head>
  <title>
</title>
<meta http-equiv="Content-Type" content="text/html;charset=utf-8" />
  <meta name='ocr-system' content='tesseract 3.04.00' />
  <meta name='ocr-capabilities' content='ocr_page ocr_carea ocr_par ocr_line ocrx_word'/>
</head>
<body>
  <div class='ocr_page' id='page_1' title='image "./sillographorumg00wachgoog_0084.png"; bbox 0 0 2544 3998; ppageno 0'>
   <div class='ocr_carea' id='block_1_1' title="bbox 492 180 712 246">
    <p class='ocr_par' dir='ltr' id='par_1_1' title="bbox 492 180 712 246">
     <span class='ocr_line' id='line_1_1' title="bbox 492 180 712 246; baseline 0 -21"><span class='ocrx_word' id='word_1_1' title='bbox 492 180 712 246; x_wconf 65' lang='lat'>„81-</span> 
     </span>
    </p>
   </div>
   <div class='ocr_carea' id='block_1_2' title="bbox 89 344 1177 2180">
    <p class='ocr_par' dir='ltr' id='par_1_2' title="bbox 89 344 1177 1770">
     <span class='ocr_line' id='line_1_2' title="bbox 91 344 1108 423; baseline 0 -17"><span class='ocrx_word' id='word_1_2' title='bbox 91 366 159 406; x_wconf 87' lang='lat' dir='ltr'>enm</span> <span class='ocrx_word' id='word_1_3' title='bbox 193 346 373 423; x_wconf 86' lang='lat' dir='ltr'>loquentem</span> <span class='ocrx_word' id='word_1_4' title='bbox 404 344 479 404; x_wconf 86' lang='lat' dir='ltr'>feeit</span> <span class='ocrx_word' id='word_1_5' title='bbox 510 345 542 402; x_wconf 95' lang='lat' dir='ltr'>in</span> <span class='ocrx_word' id='word_1_6' title='bbox 572 344 795 419; x_wconf 73' lang='grc' dir='ltr'><strong><em>Ιιατοικοκλρρο</em></strong></span> <span class='ocrx_word' id='word_1_7' title='bbox 828 348 859 404; x_wconf 88' lang='lat' dir='ltr'>et</span> <span class='ocrx_word' id='word_1_8' title='bbox 873 355 877 362; x_wconf 86' lang='lat'>&#39;</span> <span class='ocrx_word' id='word_1_9' title='bbox 890 345 1108 422; x_wconf 76' lang='grc' dir='ltr'><strong><em>Νιιμονιωιλλα,</em></strong></span> 
     </span>
     <span class='ocr_line' id='line_1_3' title="bbox 91 437 1110 522; baseline 0.001 -18"><span class='ocrx_word' id='word_1_10' title='bbox 91 463 150 522; x_wconf 89' lang='lat' dir='ltr'>quo</span> <span class='ocrx_word' id='word_1_11' title='bbox 174 444 257 504; x_wconf 90' lang='lat' dir='ltr'>libro</span> <span class='ocrx_word' id='word_1_12' title='bbox 283 442 452 502; x_wconf 72' lang='lat' dir='ltr'>Mucianum</span> <span class='ocrx_word' id='word_1_13' title='bbox 469 441 605 519; x_wconf 90' lang='lat' dir='ltr'>Menippi</span> <span class='ocrx_word' id='word_1_14' title='bbox 620 437 756 502; x_wconf 75' lang='lat' dir='ltr'>Nlaesev</span> <span class='ocrx_word' id='word_1_15' title='bbox 778 441 933 502; x_wconf 90' lang='lat' dir='ltr'>imitatum</span> <span class='ocrx_word' id='word_1_16' title='bbox 957 461 1021 504; x_wconf 92' lang='lat' dir='ltr'>esse</span> <span class='ocrx_word' id='word_1_17' title='bbox 1045 446 1110 505; x_wconf 89' lang='lat' dir='ltr'>veri</span> 
     </span>
     <span class='ocr_line' id='line_1_4' title="bbox 90 532 1177 628; baseline 0 -26"><span class='ocrx_word' id='word_1_18' title='bbox 90 561 151 604; x_wconf 89' lang='lat' dir='ltr'>nou</span> <span class='ocrx_word' id='word_1_19' title='bbox 179 546 229 602; x_wconf 88' lang='lat' dir='ltr'>est</span> <span class='ocrx_word' id='word_1_20' title='bbox 252 541 406 602; x_wconf 84' lang='lat' dir='ltr'>dissimile.</span> <span class='ocrx_word' id='word_1_21' title='bbox 446 539 584 618; x_wconf 90' lang='lat' dir='ltr'>Denique</span> <span class='ocrx_word' id='word_1_22' title='bbox 608 540 639 598; x_wconf 91' lang='lat' dir='ltr'>in</span> <span class='ocrx_word' id='word_1_23' title='bbox 661 539 719 600; x_wconf 78' lang='lat' dir='ltr'>Bis</span> <span class='ocrx_word' id='word_1_24' title='bbox 741 544 875 600; x_wconf 78' lang='grc' dir='ltr'><strong><em>οιοιιεαιο</em></strong></span> <span class='ocrx_word' id='word_1_25' title='bbox 899 532 934 622; x_wconf 65' lang='grc' dir='ltr'>(ἕ</span> <span class='ocrx_word' id='word_1_26' title='bbox 956 535 1014 622; x_wconf 85' lang='grc'>33)</span> <span class='ocrx_word' id='word_1_27' title='bbox 1036 542 1109 603; x_wconf 88' lang='lat' dir='ltr'>Dia·</span> <span class='ocrx_word' id='word_1_28' title='bbox 1175 621 1177 628; x_wconf 17' lang='grc' dir='ltr'><strong><em>Α</em></strong></span> 
     </span>
     <span class='ocr_line' id='line_1_5' title="bbox 91 636 1109 720; baseline 0.002 -20"><span class='ocrx_word' id='word_1_29' title='bbox 91 641 180 720; x_wconf 83' lang='lat' dir='ltr'>logus</span> <span class='ocrx_word' id='word_1_30' title='bbox 206 644 334 718; x_wconf 89' lang='lat' dir='ltr'>questus</span> <span class='ocrx_word' id='word_1_31' title='bbox 357 656 388 700; x_wconf 92' lang='lat' dir='ltr'>se</span> <span class='ocrx_word' id='word_1_32' title='bbox 407 657 426 698; x_wconf 90' lang='lat' dir='ltr'>a</span> <span class='ocrx_word' id='word_1_33' title='bbox 444 638 578 698; x_wconf 84' lang='lat' dir='ltr'>Lucieno</span> <span class='ocrx_word' id='word_1_34' title='bbox 597 638 677 696; x_wconf 89' lang='lat' dir='ltr'>male</span> <span class='ocrx_word' id='word_1_35' title='bbox 694 636 822 696; x_wconf 83' lang='lat' dir='ltr'>tractari</span> <span class='ocrx_word' id='word_1_36' title='bbox 837 638 972 716; x_wconf 89' lang='lat' dir='ltr'>Menippi</span> <span class='ocrx_word' id='word_1_37' title='bbox 990 641 1109 702; x_wconf 90' lang='lat' dir='ltr'>aemulo</span> 
     </span>
     <span class='ocr_line' id='line_1_6' title="bbox 91 727 1110 818; baseline 0.002 -22"><span class='ocrx_word' id='word_1_38' title='bbox 91 729 276 818; x_wconf 80' lang='grc' dir='ltr'><strong><em>(Μένιππόν</em></strong></span> <span class='ocrx_word' id='word_1_39' title='bbox 306 758 373 797; x_wconf 89' lang='grc' dir='ltr'><strong><em>τινα</em></strong></span> <span class='ocrx_word' id='word_1_40' title='bbox 399 737 458 796; x_wconf 91' lang='grc' dir='ltr'>τῶν</span> <span class='ocrx_word' id='word_1_41' title='bbox 485 737 619 796; x_wconf 84' lang='grc' dir='ltr'><strong><em>παλαιῶν</em></strong></span> <span class='ocrx_word' id='word_1_42' title='bbox 651 736 752 794; x_wconf 84' lang='grc' dir='ltr'><strong><em>κυνῶν</em></strong></span> <span class='ocrx_word' id='word_1_43' title='bbox 779 728 858 813; x_wconf 67' lang='grc' dir='ltr'><strong><em>μάλα</em></strong></span> <span class='ocrx_word' id='word_1_44' title='bbox 885 727 1042 797; x_wconf 80' lang='grc' dir='ltr'><strong><em>ὑλακτικὸν</em></strong></span> <span class='ocrx_word' id='word_1_45' title='bbox 1070 730 1110 810; x_wconf 84' lang='grc' dir='ltr'>ῶς</span> 
     </span>
     <span class='ocr_line' id='line_1_7' title="bbox 91 825 1110 914; baseline -0.001 -20"><span class='ocrx_word' id='word_1_46' title='bbox 91 834 177 896; x_wconf 78' lang='grc' dir='ltr'><strong><em>δοκεῖ</em></strong></span> <span class='ocrx_word' id='word_1_47' title='bbox 198 831 250 894; x_wconf 83' lang='grc' dir='ltr'>καλ</span> <span class='ocrx_word' id='word_1_48' title='bbox 271 827 420 914; x_wconf 74' lang='grc' dir='ltr'><strong><em>κάρχαρον</em></strong></span> <span class='ocrx_word' id='word_1_49' title='bbox 443 877 450 889; x_wconf 94' lang='grc'><strong>.</strong></span> <span class='ocrx_word' id='word_1_50' title='bbox 471 877 478 894; x_wconf 94' lang='grc'><strong>.</strong></span> <span class='ocrx_word' id='word_1_51' title='bbox 498 879 506 893; x_wconf 94' lang='grc'><strong>.</strong></span> <span class='ocrx_word' id='word_1_52' title='bbox 528 825 701 912; x_wconf 75' lang='grc' dir='ltr'><strong><em>ἔπεισήγαγέ</em></strong></span> <span class='ocrx_word' id='word_1_53' title='bbox 723 825 788 913; x_wconf 82' lang='grc' dir='ltr'>μοι)</span> <span class='ocrx_word' id='word_1_54' title='bbox 816 833 1015 893; x_wconf 71' lang='lat' dir='ltr'>lamentatur:</span> <span class='ocrx_word' id='word_1_55' title='bbox 1046 837 1110 907; x_wconf 86' lang='grc' dir='ltr'>πῶς</span> 
     </span>
     <span class='ocr_line' id='line_1_8' title="bbox 89 919 1111 1010; baseline -0.001 -18"><span class='ocrx_word' id='word_1_56' title='bbox 89 919 149 992; x_wconf 79' lang='grc' dir='ltr'>οὖν</span> <span class='ocrx_word' id='word_1_57' title='bbox 168 925 207 993; x_wconf 79' lang='grc' dir='ltr'>οὗ</span> <span class='ocrx_word' id='word_1_58' title='bbox 226 925 312 992; x_wconf 78' lang='grc' dir='ltr'><strong><em>δεινῶ</em></strong></span> <span class='ocrx_word' id='word_1_59' title='bbox 329 924 470 1010; x_wconf 73' lang='grc' dir='ltr'><strong><em>ὕβρισμαι</em></strong></span> <span class='ocrx_word' id='word_1_60' title='bbox 488 922 587 1008; x_wconf 78' lang='grc' dir='ltr'><strong><em>μηκέτ’</em></strong></span> <span class='ocrx_word' id='word_1_61' title='bbox 610 926 658 990; x_wconf 77' lang='grc' dir='ltr'>ἐπὶ</span> <span class='ocrx_word' id='word_1_62' title='bbox 675 931 729 990; x_wconf 81' lang='grc' dir='ltr'>τοῦ</span> <span class='ocrx_word' id='word_1_63' title='bbox 748 928 858 991; x_wconf 80' lang='grc' dir='ltr'><strong><em>οἰκείου</em></strong></span> <span class='ocrx_word' id='word_1_64' title='bbox 882 923 1027 1010; x_wconf 77' lang='grc' dir='ltr'><strong><em>σχήματος</em></strong></span> <span class='ocrx_word' id='word_1_65' title='bbox 1046 929 1111 991; x_wconf 79' lang='grc' dir='ltr'><strong><em>δια-</em></strong></span> 
     </span>
     <span class='ocr_line' id='line_1_9' title="bbox 90 1020 1110 1110; baseline 0 -22"><span class='ocrx_word' id='word_1_66' title='bbox 90 1025 207 1106; x_wconf 78' lang='grc' dir='ltr'><strong><em>μένων,</em></strong></span> <span class='ocrx_word' id='word_1_67' title='bbox 235 1021 308 1088; x_wconf 72' lang='lat' dir='ltr'>asel</span> <span class='ocrx_word' id='word_1_68' title='bbox 335 1025 515 1110; x_wconf 78' lang='grc' dir='ltr'><strong><em>κωμῳδῶν</em></strong></span> <span class='ocrx_word' id='word_1_69' title='bbox 542 1023 592 1088; x_wconf 74' lang='grc' dir='ltr'>καὶ</span> <span class='ocrx_word' id='word_1_70' title='bbox 619 1029 872 1106; x_wconf 75' lang='grc' dir='ltr'><strong><em>γελωτοποιῶν</em></strong></span> <span class='ocrx_word' id='word_1_71' title='bbox 898 1024 948 1088; x_wconf 79' lang='grc' dir='ltr'>καὶ</span> <span class='ocrx_word' id='word_1_72' title='bbox 976 1020 1110 1089; x_wconf 69' lang='lat' dir='ltr'>duelli·</span> 
     </span>
     <span class='ocr_line' id='line_1_10' title="bbox 91 1115 1111 1207; baseline 0 -22"><span class='ocrx_word' id='word_1_73' title='bbox 91 1141 167 1197; x_wconf 84' lang='grc' dir='ltr'><strong><em>σεις</em></strong></span> <span class='ocrx_word' id='word_1_74' title='bbox 197 1115 376 1197; x_wconf 83' lang='grc' dir='ltr'><strong><em>ῶλλοκότονς</em></strong></span> <span class='ocrx_word' id='word_1_75' title='bbox 401 1117 690 1202; x_wconf 71' lang='grc' dir='ltr'><strong><em>ὑποκρινόμενος</em></strong></span> <span class='ocrx_word' id='word_1_76' title='bbox 719 1117 814 1207; x_wconf 66' lang='grc' dir='ltr'><strong><em>αὐτῷ)</em></strong></span> <span class='ocrx_word' id='word_1_77' title='bbox 848 1118 880 1185; x_wconf 86' lang='grc' dir='ltr'>τὸ</span> <span class='ocrx_word' id='word_1_78' title='bbox 907 1117 963 1204; x_wconf 75' lang='grc' dir='ltr'><strong><em>γὰρ</em></strong></span> <span class='ocrx_word' id='word_1_79' title='bbox 990 1119 1111 1186; x_wconf 75' lang='grc' dir='ltr'><strong><em>πάντων</em></strong></span> 
     </span>
     <span class='ocr_line' id='line_1_11' title="bbox 90 1214 1111 1300; baseline 0.002 -18"><span class='ocrx_word' id='word_1_80' title='bbox 90 1215 297 1297; x_wconf 75' lang='grc' dir='ltr'><strong><em>ῶτοπῶτατον,</em></strong></span> <span class='ocrx_word' id='word_1_81' title='bbox 333 1220 438 1300; x_wconf 80' lang='grc' dir='ltr'><strong><em>κρᾶσίν</em></strong></span> <span class='ocrx_word' id='word_1_82' title='bbox 469 1242 535 1281; x_wconf 88' lang='grc' dir='ltr'><strong><em>τινα</em></strong></span> <span class='ocrx_word' id='word_1_83' title='bbox 567 1214 738 1300; x_wconf 75' lang='grc' dir='ltr'><strong><em>παράδοξον</em></strong></span> <span class='ocrx_word' id='word_1_84' title='bbox 769 1217 911 1300; x_wconf 73' lang='grc' dir='ltr'><strong><em>κέκραμαι</em></strong></span> <span class='ocrx_word' id='word_1_85' title='bbox 942 1219 990 1283; x_wconf 72' lang='grc' dir='ltr'>καὶ</span> <span class='ocrx_word' id='word_1_86' title='bbox 1026 1218 1111 1284; x_wconf 72' lang='lat' dir='ltr'>edre</span> 
     </span>
     <span class='ocr_line' id='line_1_12' title="bbox 91 1311 1111 1399; baseline 0.004 -21"><span class='ocrx_word' id='word_1_87' title='bbox 91 1311 198 1391; x_wconf 73' lang='grc' dir='ltr'><strong><em>πεζός</em></strong></span> <span class='ocrx_word' id='word_1_88' title='bbox 227 1317 287 1397; x_wconf 83' lang='grc' dir='ltr'><strong><em>εἰμι</em></strong></span> <span class='ocrx_word' id='word_1_89' title='bbox 318 1311 398 1380; x_wconf 75' lang='grc' dir='ltr'><strong><em>οὔτε</em></strong></span> <span class='ocrx_word' id='word_1_90' title='bbox 430 1315 486 1379; x_wconf 71' lang='grc' dir='ltr'>ἐπὶ</span> <span class='ocrx_word' id='word_1_91' title='bbox 517 1320 585 1378; x_wconf 89' lang='grc' dir='ltr'>τῶν</span> <span class='ocrx_word' id='word_1_92' title='bbox 616 1313 751 1396; x_wconf 72' lang='grc' dir='ltr'><strong><em>μέτρων</em></strong></span> <span class='ocrx_word' id='word_1_93' title='bbox 782 1316 896 1399; x_wconf 79' lang='grc' dir='ltr'><strong><em>βέβηκα</em></strong></span> <span class='ocrx_word' id='word_1_94' title='bbox 927 1314 990 1382; x_wconf 83' lang='grc' dir='ltr'><strong><em>ἄλλ’</em></strong></span> <span class='ocrx_word' id='word_1_95' title='bbox 1025 1321 1111 1382; x_wconf 79' lang='grc' dir='ltr'><strong><em>ἱππο·</em></strong></span> 
     </span>
     <span class='ocr_line' id='line_1_13' title="bbox 90 1408 1112 1496; baseline 0.005 -20"><span class='ocrx_word' id='word_1_96' title='bbox 90 1409 259 1494; x_wconf 80' lang='grc' dir='ltr'><strong><em>πενταῶρου</em></strong></span> <span class='ocrx_word' id='word_1_97' title='bbox 283 1414 370 1494; x_wconf 77' lang='grc' dir='ltr'><strong><em>δίκην</em></strong></span> <span class='ocrx_word' id='word_1_98' title='bbox 393 1408 571 1476; x_wconf 75' lang='grc' dir='ltr'><strong><em>σύνθετόν</em></strong></span> <span class='ocrx_word' id='word_1_99' title='bbox 593 1437 619 1475; x_wconf 93' lang='grc' dir='ltr'>τι</span> <span class='ocrx_word' id='word_1_100' title='bbox 637 1412 687 1475; x_wconf 78' lang='grc' dir='ltr'>καλ</span> <span class='ocrx_word' id='word_1_101' title='bbox 710 1412 796 1487; x_wconf 78' lang='grc' dir='ltr'><strong><em>ξένον</em></strong></span> <span class='ocrx_word' id='word_1_102' title='bbox 819 1412 923 1496; x_wconf 77' lang='grc' dir='ltr'><strong><em>φάσμα</em></strong></span> <span class='ocrx_word' id='word_1_103' title='bbox 946 1423 1007 1492; x_wconf 83' lang='grc' dir='ltr'><strong><em>τοῖς</em></strong></span> <span class='ocrx_word' id='word_1_104' title='bbox 1024 1413 1112 1481; x_wconf 75' lang='lat' dir='ltr'>deod-</span> 
     </span>
     <span class='ocr_line' id='line_1_14' title="bbox 90 1505 1111 1596; baseline 0.002 -21"><span class='ocrx_word' id='word_1_105' title='bbox 90 1531 160 1575; x_wconf 85' lang='grc' dir='ltr'><strong><em>σασι</em></strong></span> <span class='ocrx_word' id='word_1_106' title='bbox 189 1505 317 1594; x_wconf 54' lang='lat' dir='ltr'>aona),</span> <span class='ocrx_word' id='word_1_107' title='bbox 345 1512 455 1591; x_wconf 87' lang='lat' dir='ltr'>quibus</span> <span class='ocrx_word' id='word_1_108' title='bbox 483 1512 583 1576; x_wconf 83' lang='lat' dir='ltr'>verbis</span> <span class='ocrx_word' id='word_1_109' title='bbox 610 1512 694 1574; x_wconf 83' lang='lat' dir='ltr'>rides</span> <span class='ocrx_word' id='word_1_110' title='bbox 723 1533 814 1590; x_wconf 89' lang='lat' dir='ltr'>quam</span> <span class='ocrx_word' id='word_1_111' title='bbox 842 1520 946 1592; x_wconf 88' lang='lat' dir='ltr'>aperte</span> <span class='ocrx_word' id='word_1_112' title='bbox 970 1516 1111 1596; x_wconf 87' lang='lat' dir='ltr'>Menippo</span> 
     </span>
     <span class='ocr_line' id='line_1_15' title="bbox 90 1610 1112 1689; baseline 0.003 -17"><span class='ocrx_word' id='word_1_113' title='bbox 90 1611 224 1672; x_wconf 80' lang='lat' dir='ltr'>mixtum</span> <span class='ocrx_word' id='word_1_114' title='bbox 256 1611 334 1670; x_wconf 91' lang='lat' dir='ltr'>illud</span> <span class='ocrx_word' id='word_1_115' title='bbox 366 1629 461 1689; x_wconf 89' lang='lat' dir='ltr'>genus</span> <span class='ocrx_word' id='word_1_116' title='bbox 490 1614 520 1670; x_wconf 85' lang='lat' dir='ltr'>et</span> <span class='ocrx_word' id='word_1_117' title='bbox 548 1610 636 1689; x_wconf 90' lang='lat' dir='ltr'>quasi</span> <span class='ocrx_word' id='word_1_118' title='bbox 666 1615 789 1688; x_wconf 78' lang='lat' dir='ltr'><strong>sartago</strong></span> <span class='ocrx_word' id='word_1_119' title='bbox 817 1612 966 1689; x_wconf 88' lang='lat' dir='ltr'>quaedam</span> <span class='ocrx_word' id='word_1_120' title='bbox 994 1615 1112 1675; x_wconf 83' lang='lat' dir='ltr'>dicendi</span> 
     </span>
     <span class='ocr_line' id='line_1_16' title="bbox 91 1708 293 1770; baseline -0.02 0"><span class='ocrx_word' id='word_1_121' title='bbox 91 1708 293 1770; x_wconf 78' lang='lat' dir='ltr'>adscribatur.</span> 
     </span>
    </p>

    <p class='ocr_par' dir='ltr' id='par_1_3' title="bbox 92 1803 1112 2180">
     <span class='ocr_line' id='line_1_17' title="bbox 160 1803 1112 1882; baseline 0.004 -20"><span class='ocrx_word' id='word_1_122' title='bbox 160 1804 218 1864; x_wconf 89' lang='lat' dir='ltr'>His</span> <span class='ocrx_word' id='word_1_123' title='bbox 246 1803 344 1882; x_wconf 88' lang='lat' dir='ltr'>igitur</span> <span class='ocrx_word' id='word_1_124' title='bbox 370 1803 485 1881; x_wconf 84' lang='lat' dir='ltr'>satiris,</span> <span class='ocrx_word' id='word_1_125' title='bbox 518 1822 593 1881; x_wconf 89' lang='lat' dir='ltr'>quas</span> <span class='ocrx_word' id='word_1_126' title='bbox 622 1803 813 1864; x_wconf 83' lang='lat' dir='ltr'>irrisionibus</span> <span class='ocrx_word' id='word_1_127' title='bbox 844 1804 990 1865; x_wconf 87' lang='lat' dir='ltr'>seatuisse</span> <span class='ocrx_word' id='word_1_128' title='bbox 1019 1807 1112 1866; x_wconf 89' lang='lat' dir='ltr'>etiam</span> 
     </span>
     <span class='ocr_line' id='line_1_18' title="bbox 92 1894 1111 1983; baseline 0.002 -21"><span class='ocrx_word' id='word_1_129' title='bbox 92 1903 217 1962; x_wconf 84' lang='lat' dir='ltr'>Diocles</span> <span class='ocrx_word' id='word_1_130' title='bbox 236 1901 319 1978; x_wconf 87' lang='lat' dir='ltr'>apud</span> <span class='ocrx_word' id='word_1_131' title='bbox 332 1900 490 1960; x_wconf 84' lang='lat' dir='ltr'>Laertium</span> <span class='ocrx_word' id='word_1_132' title='bbox 503 1901 569 1960; x_wconf 87' lang='lat' dir='ltr'>loeo</span> <span class='ocrx_word' id='word_1_133' title='bbox 584 1920 676 1978; x_wconf 90' lang='lat' dir='ltr'>supra</span> <span class='ocrx_word' id='word_1_134' title='bbox 690 1894 733 1982; x_wconf 83' lang='lat' dir='ltr'>(p.</span> <span class='ocrx_word' id='word_1_135' title='bbox 743 1895 801 1982; x_wconf 82' lang='grc'>78)</span> <span class='ocrx_word' id='word_1_136' title='bbox 816 1903 955 1982; x_wconf 87' lang='lat' dir='ltr'>apposito</span> <span class='ocrx_word' id='word_1_137' title='bbox 969 1907 1111 1983; x_wconf 86' lang='lat' dir='ltr'>testatur,</span> 
     </span>
     <span class='ocr_line' id='line_1_19' title="bbox 92 1999 1111 2080; baseline 0.001 -19"><span class='ocrx_word' id='word_1_138' title='bbox 92 1999 274 2078; x_wconf 78' lang='lat' dir='ltr'>perstrinxit</span> <span class='ocrx_word' id='word_1_139' title='bbox 304 1999 464 2077; x_wconf 78' lang='lat' dir='ltr'>Menippus</span> <span class='ocrx_word' id='word_1_140' title='bbox 500 1999 640 2077; x_wconf 76' lang='lat' dir='ltr'>physicos</span> <span class='ocrx_word' id='word_1_141' title='bbox 672 1999 902 2061; x_wconf 85' lang='lat' dir='ltr'>mathematicos</span> <span class='ocrx_word' id='word_1_142' title='bbox 937 2005 1111 2080; x_wconf 85' lang='lat' dir='ltr'>grammati·</span> 
     </span>
     <span class='ocr_line' id='line_1_20' title="bbox 93 2091 1112 2180; baseline 0 -22"><span class='ocrx_word' id='word_1_143' title='bbox 93 2091 192 2180; x_wconf 80' lang='lat' dir='ltr'>e0s²);</span> <span class='ocrx_word' id='word_1_144' title='bbox 226 2097 423 2174; x_wconf 77' lang='lat' dir='ltr'>singulariter</span> <span class='ocrx_word' id='word_1_145' title='bbox 449 2096 603 2158; x_wconf 78' lang='lat' dir='ltr'>lacessivit</span> <span class='ocrx_word' id='word_1_146' title='bbox 628 2097 794 2174; x_wconf 80' lang='lat' dir='ltr'>Epicureos</span> <span class='ocrx_word' id='word_1_147' title='bbox 821 2103 947 2177; x_wconf 88' lang='lat' dir='ltr'>propter</span> <span class='ocrx_word' id='word_1_148' title='bbox 973 2101 1112 2178; x_wconf 81' lang='lat' dir='ltr'>magistri</span> 
     </span>
    </p>
   </div>
   <div class='ocr_carea' id='block_1_3' title="bbox 93 2281 1114 3724">
    <p class='ocr_par' dir='ltr' id='par_1_4' title="bbox 93 2281 1113 2596">
     <span class='ocr_line' id='line_1_21' title="bbox 93 2281 1112 2355; baseline 0.003 -17"><span class='ocrx_word' id='word_1_149' title='bbox 93 2283 244 2355; x_wconf 80' lang='lat' dir='ltr'>Menippus</span> <span class='ocrx_word' id='word_1_150' title='bbox 267 2283 343 2338; x_wconf 88' lang='lat' dir='ltr'>enim</span> <span class='ocrx_word' id='word_1_151' title='bbox 363 2282 478 2352; x_wconf 87' lang='lat' dir='ltr'>fingitur</span> <span class='ocrx_word' id='word_1_152' title='bbox 500 2281 622 2338; x_wconf 82' lang='lat' dir='ltr'>Tiresiae</span> <span class='ocrx_word' id='word_1_153' title='bbox 645 2283 758 2339; x_wconf 89' lang='lat' dir='ltr'>demum</span> <span class='ocrx_word' id='word_1_154' title='bbox 781 2282 899 2338; x_wconf 80' lang='lat' dir='ltr'>oonsilio</span> <span class='ocrx_word' id='word_1_155' title='bbox 927 2283 995 2339; x_wconf 86' lang='lat' dir='ltr'>talis</span> <span class='ocrx_word' id='word_1_156' title='bbox 1021 2285 1112 2340; x_wconf 89' lang='lat' dir='ltr'>reddi·</span> 
     </span>
     <span class='ocr_line' id='line_1_22' title="bbox 94 2361 1113 2433; baseline 0.002 -15"><span class='ocrx_word' id='word_1_157' title='bbox 94 2367 140 2419; x_wconf 85' lang='lat' dir='ltr'>tus</span> <span class='ocrx_word' id='word_1_158' title='bbox 159 2378 222 2419; x_wconf 86' lang='lat' dir='ltr'>esse</span> <span class='ocrx_word' id='word_1_159' title='bbox 240 2363 339 2431; x_wconf 88' lang='lat' dir='ltr'><strong>homo,</strong></span> <span class='ocrx_word' id='word_1_160' title='bbox 365 2361 477 2431; x_wconf 85' lang='lat' dir='ltr'>qualem</span> <span class='ocrx_word' id='word_1_161' title='bbox 496 2379 526 2417; x_wconf 90' lang='lat' dir='ltr'>se</span> <span class='ocrx_word' id='word_1_162' title='bbox 544 2362 573 2416; x_wconf 90' lang='lat' dir='ltr'>iu</span> <span class='ocrx_word' id='word_1_163' title='bbox 592 2362 713 2417; x_wconf 86' lang='lat' dir='ltr'>vivendo</span> <span class='ocrx_word' id='word_1_164' title='bbox 737 2364 766 2417; x_wconf 88' lang='lat' dir='ltr'>et</span> <span class='ocrx_word' id='word_1_165' title='bbox 784 2362 932 2418; x_wconf 84' lang='lat' dir='ltr'>scribendo</span> <span class='ocrx_word' id='word_1_166' title='bbox 950 2364 1113 2433; x_wconf 81' lang='lat' dir='ltr'>praebuerit</span> 
     </span>
     <span class='ocr_line' id='line_1_23' title="bbox 93 2437 1112 2516; baseline 0.002 -18"><span class='ocrx_word' id='word_1_167' title='bbox 93 2447 161 2514; x_wconf 78' lang='lat'>(21),</span> <span class='ocrx_word' id='word_1_168' title='bbox 181 2461 246 2498; x_wconf 86' lang='lat' dir='ltr'>enm</span> <span class='ocrx_word' id='word_1_169' title='bbox 266 2445 351 2498; x_wconf 90' lang='lat' dir='ltr'>antea</span> <span class='ocrx_word' id='word_1_170' title='bbox 368 2440 546 2512; x_wconf 88' lang='lat' dir='ltr'>pbilosophis</span> <span class='ocrx_word' id='word_1_171' title='bbox 565 2458 594 2497; x_wconf 87' lang='grc' dir='ltr'>τε</span> <span class='ocrx_word' id='word_1_172' title='bbox 613 2442 722 2498; x_wconf 86' lang='lat' dir='ltr'>dederit</span> <span class='ocrx_word' id='word_1_173' title='bbox 739 2445 771 2498; x_wconf 88' lang='lat' dir='ltr'>ut</span> <span class='ocrx_word' id='word_1_174' title='bbox 790 2442 912 2498; x_wconf 83' lang='lat' dir='ltr'>disseret</span> <span class='ocrx_word' id='word_1_175' title='bbox 930 2437 1000 2499; x_wconf 81' lang='grc' dir='ltr'><strong><em>ὁδὸν</em></strong></span> <span class='ocrx_word' id='word_1_176' title='bbox 1019 2439 1112 2516; x_wconf 80' lang='grc' dir='ltr'><strong><em>ἁπλῆν</em></strong></span> 
     </span>
     <span class='ocr_line' id='line_1_24' title="bbox 94 2521 501 2596; baseline -0.005 -19"><span class='ocrx_word' id='word_1_177' title='bbox 94 2523 144 2577; x_wconf 76' lang='grc' dir='ltr'>παλ</span> <span class='ocrx_word' id='word_1_178' title='bbox 163 2521 284 2596; x_wconf 79' lang='grc' dir='ltr'><strong><em>βέβαιον</em></strong></span> <span class='ocrx_word' id='word_1_179' title='bbox 301 2523 352 2576; x_wconf 78' lang='grc' dir='ltr'>τοῦ</span> <span class='ocrx_word' id='word_1_180' title='bbox 372 2524 435 2594; x_wconf 81' lang='grc' dir='ltr'><strong><em>βίον</em></strong></span> <span class='ocrx_word' id='word_1_181' title='bbox 455 2523 501 2591; x_wconf 82' lang='grc'>(6).</span> 
     </span>
    </p>

    <p class='ocr_par' dir='ltr' id='par_1_5' title="bbox 168 2601 1044 2673">
     <span class='ocr_line' id='line_1_25' title="bbox 168 2601 1044 2673; baseline 0.003 -17"><span class='ocrx_word' id='word_1_182' title='bbox 168 2607 194 2670; x_wconf 99' lang='grc'>1)</span> <span class='ocrx_word' id='word_1_183' title='bbox 216 2601 330 2670; x_wconf 88' lang='lat' dir='ltr'>Optime</span> <span class='ocrx_word' id='word_1_184' title='bbox 348 2602 423 2656; x_wconf 88' lang='lat' dir='ltr'>hune</span> <span class='ocrx_word' id='word_1_185' title='bbox 441 2602 534 2656; x_wconf 81' lang='lat' dir='ltr'>losum</span> <span class='ocrx_word' id='word_1_186' title='bbox 552 2601 658 2670; x_wconf 88' lang='lat' dir='ltr'>primus</span> <span class='ocrx_word' id='word_1_187' title='bbox 678 2601 807 2657; x_wconf 83' lang='lat' dir='ltr'>adhibuit</span> <span class='ocrx_word' id='word_1_188' title='bbox 825 2602 935 2658; x_wconf 83' lang='lat' dir='ltr'>Riesius</span> <span class='ocrx_word' id='word_1_189' title='bbox 954 2622 983 2673; x_wconf 89' lang='lat' dir='ltr'>p.</span> <span class='ocrx_word' id='word_1_190' title='bbox 1003 2609 1044 2659; x_wconf 90' lang='lat'>11.</span> 
     </span>
    </p>

    <p class='ocr_par' dir='ltr' id='par_1_6' title="bbox 94 2679 1114 3612">
     <span class='ocr_line' id='line_1_26' title="bbox 167 2679 1113 2754; baseline 0.002 -18"><span class='ocrx_word' id='word_1_191' title='bbox 167 2685 195 2750; x_wconf 75' lang='lat'>2)</span> <span class='ocrx_word' id='word_1_192' title='bbox 219 2679 252 2734; x_wconf 90' lang='lat' dir='ltr'>In</span> <span class='ocrx_word' id='word_1_193' title='bbox 270 2679 376 2736; x_wconf 85' lang='lat' dir='ltr'>Laertii</span> <span class='ocrx_word' id='word_1_194' title='bbox 396 2680 447 2752; x_wconf 86' lang='lat' dir='ltr'>(VI</span> <span class='ocrx_word' id='word_1_195' title='bbox 466 2683 528 2750; x_wconf 88' lang='lat'>101)</span> <span class='ocrx_word' id='word_1_196' title='bbox 548 2680 677 2751; x_wconf 84' lang='lat' dir='ltr'>catalogo</span> <span class='ocrx_word' id='word_1_197' title='bbox 700 2683 766 2751; x_wconf 87' lang='lat' dir='ltr'>post</span> <span class='ocrx_word' id='word_1_198' title='bbox 789 2681 859 2738; x_wconf 81' lang='lat' dir='ltr'>alies</span> <span class='ocrx_word' id='word_1_199' title='bbox 877 2681 1004 2754; x_wconf 87' lang='lat' dir='ltr'>Menippi</span> <span class='ocrx_word' id='word_1_200' title='bbox 1027 2683 1113 2740; x_wconf 89' lang='lat' dir='ltr'>libros</span> 
     </span>
     <span class='ocr_line' id='line_1_27' title="bbox 94 2757 1113 2833; baseline 0 -15"><span class='ocrx_word' id='word_1_201' title='bbox 94 2761 253 2818; x_wconf 79' lang='lat' dir='ltr'>afferuntur</span> <span class='ocrx_word' id='word_1_202' title='bbox 270 2761 301 2815; x_wconf 91' lang='lat' dir='ltr'>hi</span> <span class='ocrx_word' id='word_1_203' title='bbox 324 2758 395 2832; x_wconf 76' lang='grc' dir='ltr'><strong><em>πρὸς</em></strong></span> <span class='ocrx_word' id='word_1_204' title='bbox 413 2757 479 2823; x_wconf 76' lang='grc' dir='ltr'><strong><em>τοὺς</em></strong></span> <span class='ocrx_word' id='word_1_205' title='bbox 497 2757 636 2830; x_wconf 69' lang='grc' dir='ltr'><strong><em>φυσικοὺς</em></strong></span> <span class='ocrx_word' id='word_1_206' title='bbox 653 2760 703 2814; x_wconf 86' lang='grc' dir='ltr'>καλ</span> <span class='ocrx_word' id='word_1_207' title='bbox 721 2759 940 2831; x_wconf 72' lang='grc' dir='ltr'><strong><em>μαθηματικοῶς</em></strong></span> <span class='ocrx_word' id='word_1_208' title='bbox 958 2761 1008 2816; x_wconf 85' lang='grc' dir='ltr'>καλ</span> <span class='ocrx_word' id='word_1_209' title='bbox 1026 2783 1113 2833; x_wconf 75' lang='grc' dir='ltr'><strong><em>γραμ-</em></strong></span> 
     </span>
     <span class='ocr_line' id='line_1_28' title="bbox 94 2837 1114 2912; baseline 0.001 -16"><span class='ocrx_word' id='word_1_210' title='bbox 94 2837 245 2912; x_wconf 74' lang='grc' dir='ltr'><strong><em>ματικούς,</em></strong></span> <span class='ocrx_word' id='word_1_211' title='bbox 266 2857 335 2909; x_wconf 90' lang='lat' dir='ltr'>ques</span> <span class='ocrx_word' id='word_1_212' title='bbox 354 2857 438 2896; x_wconf 89' lang='lat' dir='ltr'>unam</span> <span class='ocrx_word' id='word_1_213' title='bbox 458 2840 573 2896; x_wconf 80' lang='lat' dir='ltr'>satiram</span> <span class='ocrx_word' id='word_1_214' title='bbox 591 2837 701 2894; x_wconf 85' lang='lat' dir='ltr'>efficere</span> <span class='ocrx_word' id='word_1_215' title='bbox 716 2840 784 2894; x_wconf 90' lang='lat' dir='ltr'>olim</span> <span class='ocrx_word' id='word_1_216' title='bbox 798 2840 918 2897; x_wconf 86' lang='lat' dir='ltr'>eredidit</span> <span class='ocrx_word' id='word_1_217' title='bbox 934 2841 1114 2910; x_wconf 79' lang='lat' dir='ltr'>Fritusehius,</span> 
     </span>
     <span class='ocr_line' id='line_1_29' title="bbox 95 2916 1113 2992; baseline -0.005 -13"><span class='ocrx_word' id='word_1_218' title='bbox 95 2923 234 2992; x_wconf 72' lang='lat' dir='ltr'>descript.</span> <span class='ocrx_word' id='word_1_219' title='bbox 244 2926 295 2975; x_wconf 84' lang='lat' dir='ltr'>sat.</span> <span class='ocrx_word' id='word_1_220' title='bbox 307 2919 345 2976; x_wconf 90' lang='lat' dir='ltr'>IV</span> <span class='ocrx_word' id='word_1_221' title='bbox 355 2937 383 2991; x_wconf 90' lang='lat' dir='ltr'>p.</span> <span class='ocrx_word' id='word_1_222' title='bbox 394 2925 420 2989; x_wconf 85' lang='grc'>8,</span> <span class='ocrx_word' id='word_1_223' title='bbox 430 2923 487 2976; x_wconf 87' lang='lat' dir='ltr'>tres</span> <span class='ocrx_word' id='word_1_224' title='bbox 497 2917 592 2990; x_wconf 88' lang='lat' dir='ltr'>potius</span> <span class='ocrx_word' id='word_1_225' title='bbox 601 2936 675 2974; x_wconf 87' lang='lat' dir='ltr'>nune</span> <span class='ocrx_word' id='word_1_226' title='bbox 684 2916 759 2973; x_wconf 90' lang='lat' dir='ltr'>idem</span> <span class='ocrx_word' id='word_1_227' title='bbox 770 2920 870 2975; x_wconf 83' lang='lat' dir='ltr'>statuit</span> <span class='ocrx_word' id='word_1_228' title='bbox 881 2918 988 2990; x_wconf 81' lang='lat' dir='ltr'>proleg.</span> <span class='ocrx_word' id='word_1_229' title='bbox 999 2920 1113 2976; x_wconf 85' lang='lat' dir='ltr'>Lueian.</span> 
     </span>
     <span class='ocr_line' id='line_1_30' title="bbox 95 2996 1114 3070; baseline -0.002 -15"><span class='ocrx_word' id='word_1_230' title='bbox 95 3001 153 3056; x_wconf 76' lang='lat'>112</span> <span class='ocrx_word' id='word_1_231' title='bbox 172 2997 467 3070; x_wconf 61' lang='lat' dir='ltr'>smalstertin</span> <span class='ocrx_word' id='word_1_232' title='bbox 486 2997 562 3054; x_wconf 90' lang='lat' dir='ltr'>haud</span> <span class='ocrx_word' id='word_1_233' title='bbox 580 2999 677 3064; x_wconf 84' lang='lat' dir='ltr'>dubie;</span> <span class='ocrx_word' id='word_1_234' title='bbox 697 2999 752 3053; x_wconf 85' lang='lat' dir='ltr'>hue</span> <span class='ocrx_word' id='word_1_235' title='bbox 769 2998 839 3054; x_wconf 82' lang='lat' dir='ltr'>feeit</span> <span class='ocrx_word' id='word_1_236' title='bbox 858 2996 944 3054; x_wconf 88' lang='lat' dir='ltr'>etiam</span> <span class='ocrx_word' id='word_1_237' title='bbox 963 2996 1042 3052; x_wconf 88' lang='lat' dir='ltr'>locus</span> <span class='ocrx_word' id='word_1_238' title='bbox 1061 2998 1114 3053; x_wconf 88' lang='lat' dir='ltr'>Lu·</span> 
     </span>
     <span class='ocr_line' id='line_1_31' title="bbox 95 3077 1114 3150; baseline -0.001 -16"><span class='ocrx_word' id='word_1_239' title='bbox 95 3081 213 3137; x_wconf 84' lang='lat' dir='ltr'>cienese</span> <span class='ocrx_word' id='word_1_240' title='bbox 226 3077 448 3149; x_wconf 79' lang='lat' dir='ltr'>Necyomantiae</span> <span class='ocrx_word' id='word_1_241' title='bbox 463 3081 529 3150; x_wconf 80' lang='lat'>(21),</span> <span class='ocrx_word' id='word_1_242' title='bbox 547 3093 603 3147; x_wconf 89' lang='lat' dir='ltr'>quo</span> <span class='ocrx_word' id='word_1_243' title='bbox 623 3077 917 3147; x_wconf 80' lang='lat' dir='ltr'>describitur&#39;optime</span> <span class='ocrx_word' id='word_1_244' title='bbox 937 3092 1020 3145; x_wconf 88' lang='lat' dir='ltr'>quam</span> <span class='ocrx_word' id='word_1_245' title='bbox 1035 3078 1114 3147; x_wconf 88' lang='lat' dir='ltr'>sequi</span> 
     </span>
     <span class='ocr_line' id='line_1_32' title="bbox 95 3153 1114 3232; baseline 0 -19"><span class='ocrx_word' id='word_1_246' title='bbox 95 3159 212 3214; x_wconf 85' lang='lat' dir='ltr'>iubetur</span> <span class='ocrx_word' id='word_1_247' title='bbox 235 3175 253 3214; x_wconf 84' lang='lat' dir='ltr'>a</span> <span class='ocrx_word' id='word_1_248' title='bbox 272 3156 381 3214; x_wconf 79' lang='lat' dir='ltr'>Tiresia</span> <span class='ocrx_word' id='word_1_249' title='bbox 399 3158 548 3229; x_wconf 88' lang='lat' dir='ltr'>Menippus</span> <span class='ocrx_word' id='word_1_250' title='bbox 566 3157 680 3214; x_wconf 86' lang='lat' dir='ltr'>vivendi</span> <span class='ocrx_word' id='word_1_251' title='bbox 697 3157 771 3211; x_wconf 85' lang='lat' dir='ltr'>ratio</span> <span class='ocrx_word' id='word_1_252' title='bbox 790 3153 805 3210; x_wconf 86' lang='grc' dir='ltr'><strong>ὁ</strong></span> <span class='ocrx_word' id='word_1_253' title='bbox 825 3157 881 3210; x_wconf 86' lang='grc' dir='ltr'>τῶν</span> <span class='ocrx_word' id='word_1_254' title='bbox 901 3153 1021 3211; x_wconf 78' lang='grc' dir='ltr'><strong><em>ἰδιωτῶν</em></strong></span> <span class='ocrx_word' id='word_1_255' title='bbox 1046 3158 1114 3232; x_wconf 75' lang='grc' dir='ltr'><strong><em>βίος,</em></strong></span> 
     </span>
     <span class='ocr_line' id='line_1_33' title="bbox 95 3232 1114 3309; baseline 0 -15"><span class='ocrx_word' id='word_1_256' title='bbox 95 3233 168 3294; x_wconf 75' lang='grc' dir='ltr'><strong><em>ὅστε</em></strong></span> <span class='ocrx_word' id='word_1_257' title='bbox 192 3237 242 3306; x_wconf 74' lang='grc' dir='ltr'>τῆς</span> <span class='ocrx_word' id='word_1_258' title='bbox 265 3232 429 3308; x_wconf 73' lang='grc' dir='ltr'><strong><em>ἀφροσύνης</em></strong></span> <span class='ocrx_word' id='word_1_259' title='bbox 454 3235 636 3308; x_wconf 79' lang='grc' dir='ltr'><strong><em>παυσάμενος</em></strong></span> <span class='ocrx_word' id='word_1_260' title='bbox 662 3237 711 3291; x_wconf 80' lang='grc' dir='ltr'>τοῦ</span> <span class='ocrx_word' id='word_1_261' title='bbox 735 3239 955 3306; x_wconf 73' lang='grc' dir='ltr'><strong><em>μετεωρολογεῖν</em></strong></span> <span class='ocrx_word' id='word_1_262' title='bbox 977 3237 1026 3292; x_wconf 85' lang='grc' dir='ltr'>καλ</span> <span class='ocrx_word' id='word_1_263' title='bbox 1049 3237 1114 3309; x_wconf 78' lang='grc' dir='ltr'><strong><em>τέλη</em></strong></span> 
     </span>
     <span class='ocr_line' id='line_1_34' title="bbox 96 3312 1114 3388; baseline 0.003 -16"><span class='ocrx_word' id='word_1_264' title='bbox 96 3317 146 3372; x_wconf 74' lang='lat' dir='ltr'>aul</span> <span class='ocrx_word' id='word_1_265' title='bbox 166 3312 258 3388; x_wconf 73' lang='grc' dir='ltr'><strong><em>ἀρχὰς</em></strong></span> <span class='ocrx_word' id='word_1_266' title='bbox 277 3314 443 3372; x_wconf 78' lang='grc' dir='ltr'><strong><em>ἐπισκοπεῖν</em></strong></span> <span class='ocrx_word' id='word_1_267' title='bbox 456 3317 506 3371; x_wconf 86' lang='grc' dir='ltr'>καλ</span> <span class='ocrx_word' id='word_1_268' title='bbox 519 3313 701 3377; x_wconf 73' lang='grc' dir='ltr'><strong><em>καταπτύσας</em></strong></span> <span class='ocrx_word' id='word_1_269' title='bbox 713 3315 770 3368; x_wconf 84' lang='grc' dir='ltr'>τῶν</span> <span class='ocrx_word' id='word_1_270' title='bbox 785 3315 883 3385; x_wconf 82' lang='grc' dir='ltr'><strong><em>σοφῶν</em></strong></span> <span class='ocrx_word' id='word_1_271' title='bbox 896 3313 1005 3372; x_wconf 74' lang='grc' dir='ltr'><strong><em>τούτων</em></strong></span> <span class='ocrx_word' id='word_1_272' title='bbox 1018 3323 1114 3376; x_wconf 80' lang='grc' dir='ltr'><strong><em>τελλο-</em></strong></span> 
     </span>
     <span class='ocr_line' id='line_1_35' title="bbox 96 3390 1114 3468; baseline -0.001 -14"><span class='ocrx_word' id='word_1_273' title='bbox 96 3399 205 3468; x_wconf 67' lang='lat' dir='ltr'>ysopus</span> <span class='ocrx_word' id='word_1_274' title='bbox 220 3397 269 3452; x_wconf 81' lang='grc' dir='ltr'><strong><em>ιιιιλ</em></strong></span> <span class='ocrx_word' id='word_1_275' title='bbox 283 3393 317 3452; x_wconf 78' lang='grc' dir='ltr'>τῶ</span> <span class='ocrx_word' id='word_1_276' title='bbox 339 3399 457 3454; x_wconf 83' lang='grc' dir='ltr'><strong><em>τοιαῦτα</em></strong></span> <span class='ocrx_word' id='word_1_277' title='bbox 475 3397 562 3467; x_wconf 79' lang='grc' dir='ltr'><strong><em>λῆρον</em></strong></span> <span class='ocrx_word' id='word_1_278' title='bbox 580 3390 758 3465; x_wconf 74' lang='grc' dir='ltr'><strong><em>θμησάμενοτ</em></strong></span> <span class='ocrx_word' id='word_1_279' title='bbox 775 3395 859 3449; x_wconf 82' lang='grc' dir='ltr'><strong><em>τοῦτο</em></strong></span> <span class='ocrx_word' id='word_1_280' title='bbox 874 3393 963 3464; x_wconf 90' lang='grc' dir='ltr'><strong><em>μόνον</em></strong></span> <span class='ocrx_word' id='word_1_281' title='bbox 978 3391 1007 3464; x_wconf 76' lang='grc' dir='ltr'>ἐξ</span> <span class='ocrx_word' id='word_1_282' title='bbox 1022 3393 1114 3454; x_wconf 76' lang='grc' dir='ltr'><strong><em>ἅπαν-</em></strong></span> 
     </span>
     <span class='ocr_line' id='line_1_36' title="bbox 96 3467 1114 3550; baseline -0.001 -19"><span class='ocrx_word' id='word_1_283' title='bbox 96 3495 144 3540; x_wconf 78' lang='grc' dir='ltr'>τοτ</span> <span class='ocrx_word' id='word_1_284' title='bbox 163 3471 306 3548; x_wconf 72' lang='grc' dir='ltr'><strong><em>θήρασαι,</em></strong></span> <span class='ocrx_word' id='word_1_285' title='bbox 325 3471 402 3540; x_wconf 76' lang='grc' dir='ltr'><strong><em>ὅπως</em></strong></span> <span class='ocrx_word' id='word_1_286' title='bbox 420 3471 452 3530; x_wconf 84' lang='grc' dir='ltr'>τὸ</span> <span class='ocrx_word' id='word_1_287' title='bbox 471 3471 564 3546; x_wconf 79' lang='grc' dir='ltr'><strong><em>παρὸν</em></strong></span> <span class='ocrx_word' id='word_1_288' title='bbox 584 3467 617 3529; x_wconf 77' lang='grc' dir='ltr'>εὖ</span> <span class='ocrx_word' id='word_1_289' title='bbox 635 3471 760 3543; x_wconf 76' lang='grc' dir='ltr'><strong><em>θέμενος</em></strong></span> <span class='ocrx_word' id='word_1_290' title='bbox 777 3475 950 3550; x_wconf 73' lang='grc' dir='ltr'><strong><em>παραδρομῇ</em></strong></span> <span class='ocrx_word' id='word_1_291' title='bbox 969 3478 1059 3547; x_wconf 78' lang='grc' dir='ltr'><strong><em>μελῶν</em></strong></span> <span class='ocrx_word' id='word_1_292' title='bbox 1078 3474 1114 3532; x_wconf 82' lang='grc' dir='ltr'>τὰ</span> 
     </span>
     <span class='ocr_line' id='line_1_37' title="bbox 97 3553 197 3612; baseline 0.02 -2"><span class='ocrx_word' id='word_1_293' title='bbox 97 3553 197 3612; x_wconf 79' lang='grc' dir='ltr'><strong><em>πολλῶ.</em></strong></span> 
     </span>
    </p>

    <p class='ocr_par' dir='ltr' id='par_1_7' title="bbox 152 3649 955 3724">
     <span class='ocr_line' id='line_1_38' title="bbox 152 3649 955 3724; baseline 0.002 -28"><span class='ocrx_word' id='word_1_294' title='bbox 152 3655 261 3704; x_wconf 66' lang='lat' dir='ltr'>comune.</span> <span class='ocrx_word' id='word_1_295' title='bbox 276 3656 306 3696; x_wconf 84' lang='lat' dir='ltr'>IL</span> <span class='ocrx_word' id='word_1_296' title='bbox 451 3689 458 3700; x_wconf 93' lang='lat'>.</span> <span class='ocrx_word' id='word_1_297' title='bbox 824 3701 837 3724; x_wconf 55' lang='grc' dir='ltr'><strong><em>Ι</em></strong></span> <span class='ocrx_word' id='word_1_298' title='bbox 939 3649 955 3698; x_wconf 74' lang='lat' dir='ltr'>d</span> 
     </span>
    </p>
   </div>
   <div class='ocr_carea' id='block_1_4' title="bbox 0 0 1283 3998">
    <p class='ocr_par' dir='ltr' id='par_1_8' title="bbox 0 0 1283 3998">
     <span class='ocr_line' id='line_1_39' title="bbox 0 0 1283 3998; baseline 0 0"><span class='ocrx_word' id='word_1_299' title='bbox 0 0 1283 3998; x_wconf 95' lang='lat' dir='ltr'> </span> 
     </span>
    </p>
   </div>
  </div>
 </body>
</html>
