2548 4004
564 199 784 263 -66,

170 368 345 429 distinctam
377 363 490 443 induit,
523 364 576 424 sed
607 363 640 422 id
671 363 752 441 quod
784 364 960 424 certissimis
993 363 1197 426 firmamentis

168 465 298 543 probare
328 481 376 522 me
411 479 499 540 posse
530 465 607 539 puto
636 462 674 521 ad
698 461 853 522 Timonem
880 462 1019 539 pervenit
1046 467 1197 523 exornata

171 563 379 641 cynicorum
416 557 683 639 σπουδογείοίφ
719 558 836 620 habitu.
892 578 970 636 quae
1011 559 1196 636 priusquam

169 661 338 740 aggrediar,
361 677 480 719 necesse
504 661 550 718 est
572 657 678 733 paucis
702 657 849 734 explicem
872 657 973 734 ipsum
995 657 1073 716 illud
1095 659 1196 718 notis-

170 758 279 818 simum
298 757 472 834 cynicorum
491 749 721 832 σπουδογέλοιον
729 746 764 835 ¹),
782 755 962 831 praesertim
975 774 1045 814 oum
1057 774 1095 814 ue
1109 775 1196 816 nunc

170 856 292 932 quidem
324 852 460 914 extiterit
496 851 549 929 qui
585 850 785 912 iustissimum
821 851 1004 911 desiderium
1037 852 1196 912 Welckeri

170 946 279 1033 (praef.
308 951 441 1026 Theogn.
472 968 502 1024 p⁴
529 945 610 1006 XOV
643 948 709 1007 adn.
738 941 816 1029 146)
850 949 1017 1025 expleverit
1048 955 1195 1010 accurate

169 1051 378 1128 perscrutatus
405 1037 519 1105 ‘totum
548 1046 605 1105 hoo
633 1064 729 1123 genus
757 1063 866 1122 parum
894 1065 930 1104 ex
957 1046 1047 1106 nimis
1074 1047 1196 1108 dissitis

170 1146 350 1226 fragmentis
378 1143 534 1222 cognitum
558 1143 640 1220 quod
663 1143 724 1202 fuit
746 1143 778 1201 in
801 1144 976 1220 cynicorum
1000 1145 1195 1206 acuminibus

171 1244 356 1320 salibusque,
378 1238 528 1318 παιγνίοις
551 1244 583 1298 et
606 1240 736 1318 dialogis
754 1259 867 1301 novum
886 1241 918 1300 id
935 1242 1082 1320 novisque
1099 1243 1195 1304 istius

173 1346 272 1402 sectae
301 1337 471 1399 rationibus
495 1356 529 1396 ac
552 1338 686 1398 moribus
710 1337 911 1399 constitutum
1031 1339 1195 1399 historiam

171 1441 363 1498 litteraturae
384 1435 516 1495 Graecae
539 1436 604 1494 loco
628 1454 689 1495 uon
706 1437 815 1496 ultimo
835 1437 1078 1513 locupletatums
1097 1437 1194 1498 immo

171 1535 257 1596 ouius
277 1534 434 1612 splendore
453 1553 513 1594 non
531 1537 706 1611 exspectato
726 1533 806 1594 oculi
819 1535 1086 1612 praestringuntur
1098 1537 1194 1595 unius

172 1626 357 1695 alteriusve’.

234 1730 361 1809 Cynici
378 1731 476 1808 igitur
492 1728 694 1806 repudiabant
712 1733 744 1788 et
761 1729 975 1807 improbabant
994 1749 1096 1791 omnes
1115 1731 1193 1793 libe-

169 1831 249 1889 rales
278 1828 452 1905 disciplinas
479 1826 528 1886 vel
556 1819 694 1903 ἐγκύκλια
717 1820 878 1904 μαθήματα
900 1831 937 1888 ut
960 1829 1005 1888 ait
1027 1829 1060 1887 L.
1084 1829 1121 1888 D.
1146 1831 1193 1888 VI

174 1929 250 2003 104,
275 1926 386 2002 quippe
409 1942 487 2000 quae
510 1941 607 1999 neque
631 1925 799 1984 necessaria
821 1945 919 2003 neque
942 1926 1033 1985 utilia
1056 1920 1193 2010 essent2)

245 2097 270 2161 1)
291 2093 416 2158 Quocum
441 2093 593 2163 cognatum
617 2091 732 2161 aliquod
755 2093 915 2149 litterarum
931 2090 1027 2164 'genus
1052 2113 1143 2166 nuper
1163 2097 1194 2152 in

171 2173 331 2229 Philodami
342 2173 493 2228 stoicorum
504 2171 636 2242 catalogo
646 2171 782 2227 detexisse
793 2172 845 2228 sibi
854 2172 930 2228 visus
939 2175 985 2228 eet
992 2174 1193 2242 sagacissimus

172 2257 285 2311 illorum
306 2253 472 2324 scriptorum
493 2252 657 2322 sospitator,
682 2252 730 2321 qui
749 2253 784 2306 ad
802 2252 950 2307 columnae
969 2253 1086 2309 LXXIV
1104 2257 1194 2311 verba

170 2333 292 2390 feliciter
317 2333 357 2388 sic
375 2334 507 2404 restituta
526 2331 657 2399 Μάρκιος
675 2332 724 2386 καί
743 2328 1093 2404 Νύσ[ι]ος1Σαυν[ῖ]σαι.
1132 2333 1194 2390 Νύ-

172 2433 231 2477 σιος
260 2411 292 2468 δὲ
322 2411 450 2483 collabi
470 2412 538 2482 rJdv
563 2410 923 2484 cacodoto[2]o{o[te'v]rorv
951 2411 1033 2480 γένος
1056 2414 1195 2484 νι[ρ]ὧτος

175 2495 179 2566 ί
197 2490 379 2564 sucosam
399 2491 548 2560 adscripsit
561 2493 670 2558 (ιίυίοίο
688 2493 719 2546 dc'
735 2493 801 2560 filei.
816 2492 855 2544 Ill
868 2511 895 2562 p.
907 2493 983 2560 633)ε
998 2487 1123 2547 ‘videtur
1142 2494 1195 2547 ali·

171 2573 248 2642 quod
271 2571 428 2626 litterarum
452 2587 540 2640 genus
562 2569 618 2625 dici
640 2570 786 2626 inventum
806 2587 823 2626 a
840 2569 929 2641 Nysio
948 2571 1033 2626 hodie
1050 2571 1194 2643 ignotum,

170 2651 251 2708 velut
282 2651 340 2705 ταῖν
369 2649 726 2721 σπονδαιο[γ]α[οιέν]ιων,
760 2650 804 2705 cui
832 2651 939 2707 colores
968 2667 1002 2705 ex
1026 2651 1124 2707 Stoica
1152 2654 1195 2708 di-

172 2730 292 2801 sciplina
316 2729 446 2785 inductos
465 2747 524 2786 esse
544 2731 694 2786 σπουδαιο-
713 2725 829 2801 prodit’.
868 2731 916 2785 sed
935 2733 968 2786 tu
987 2732 1010 2786 ei
1029 2732 1194 2789 memineris

170 2811 322 2881 Didymum
357 2811 431 2878 apud
459 2810 624 2878 Stobaeum,
655 2812 700 2867 ισί.
720 2811 794 2878 117,
815 2816 863 2864 118
885 2828 912 2880 p.
933 2817 979 2880 33,
1006 2817 1021 2864 3
1047 2812 1193 2868 Wachsm.

173 2890 310 2947 scriberes
338 2884 454 2956 ἀρέσκει
481 2891 518 2961 τῷ
543 2910 572 2944 cs
598 2887 708 2960 Ζήνωνι
731 2889 778 2944 col
803 2887 932 2954 colrois?
952 2887 1195 2956 acroceraunus

171 2968 340 3040 φιλοσόφοις
359 2965 412 3025 odo
432 2967 512 3038 γένη
531 2971 587 3024 τῶν
606 2965 768 3037 ἀνθρώπων
788 2967 876 3038 εἶναι,
895 2968 927 3025 τὸ
948 2969 1001 3041 μὲν
1014 2971 1071 3025 τῶν
1085 2989 1193 3027 σπου-

171 3053 293 3119 δαίων,
308 3047 340 3106 τὸ
358 3048 391 3106 δὲ
405 3051 461 3104 τῶν
477 3045 604 3118 φαύλων,
619 3052 649 3104 et
662 3046 727 3112 τοὺς
741 3052 914 3113 σπουδαίους
928 3051 965 3105 ab
975 3051 1082 3105 eisdem
1093 3051 1193 3108 stoicis

171 3131 248 3186 haud
271 3148 335 3187 raro
359 3131 446 3186 etiam
470 3126 599 3191 ἀστείους
622 3133 736 3184 vocatos
760 3147 832 3198 esse,
860 3147 951 3199 neque
973 3131 1119 3200 χαρίεντος
1142 3148 1193 3187 no·

171 3211 277 3266 tionem
298 3211 411 3277 distare,
430 3225 541 3265 mecum
555 3208 669 3278 putabis
683 3226 700 3264 a
714 3208 809 3278 Nysio,
828 3209 957 3265 Panaetii
971 3209 1119 3278 discipulo,
1133 3227 1193 3266 non

172 3290 331 3345 baccarum
360 3308 447 3360 genus
471 3306 575 3344 novum
600 3289 741 3358 quoddam
763 3290 921 3358 inventum,
950 3290 999 3344 sed
1019 3289 1193 3360 sapientium

171 3385 260 3440 genus
279 3368 350 3424 illud
369 3370 642 3425 coustitutumesse.

221 3443 271 3518 '2)
300 3448 340 3502 Cf.
369 3449 460 3504 baert.
484 3448 524 3502 VI
547 3454 589 3504 37.
614 3453 657 3502 39.
681 3451 723 3502 35.
750 3455 782 3504 73
811 3450 842 3503 et
868 3464 938 3518 quos
964 3448 1041 3503 locos
1069 3446 1193 3504 afferunt

170 3529 303 3595 Zonaras,
326 3529 388 3582 ίιίσί.
404 3529 474 3596 phil.
490 3527 539 3585 Gr.
553 3527 579 3583 ΙΙ
595 3529 623 3582 1³
638 3545 665 3599 p.
681 3535 733 3586 248
752 3528 815 3582 adn.
831 3534 848 3582 4
865 3531 894 3584 et
907 3527 1109 3594 Duemmlerus‚
1129 3529 1191 3584 Διι-

169 3608 316 3664 rosbecca
334 3625 361 3676 p.
383 3613 415 3662 13
435 3609 464 3662 et
484 3612 525 3661 14.
