2544 3998
96 209 326 253 nanuum
492 223 534 234 ——
582 188 645 252 131
695 225 732 234 -—

98 343 206 412 αὐτοῦ·
236 353 377 412 «πολλῶν
396 383 438 392 -
462 345 655 429 ἐδιδάχθης».
692 351 954 430 Prolegomena
976 354 1117 414 Platon

96 449 208 527 philos.
229 451 250 509 5
272 441 316 530 (p.
337 451 397 509 201
420 441 538 531 Herm.)
560 442 613 510 τὸν
634 449 759 527 Τίμαιον
782 442 853 510 ἑπτά
871 443 1022 530 ἀργυρίων
1040 446 1118 530 άνη·

98 542 228 625 σάμενος
251 539 312 606 άπὸ
334 548 393 606 τῶν
414 545 635 626 Πυθαγορείων
657 540 731 607 κατά
753 545 876 625 μίμησιν
897 541 989 608 αὐτοῦ
1007 545 1119 628 ἔγραψε

98 637 221 726 (Plato)
249 637 302 704 τὸν
330 637 484 725 διάλογον·
517 637 591 705 ὅθεν
618 641 668 705 καί
695 640 816 722 φέρεταί
839 665 866 703 τι
893 641 964 717 ἔπος
990 641 1117 707 τοιάνδε·

98 745 242 804 «πολλῶν
260 773 302 784 -
327 735 521 821 ἐδιδάχθης».

172 911 199 949 v.
221 900 236 948 1
261 894 420 964 μαθητείης
439 892 524 950 Gellii
548 893 608 948 cod.
626 892 718 950 Vatia.
739 899 823 961 3452,
846 893 959 951 lamba:
984 893 1118 966 μαδήιην

96 977 113 1036 δ
133 980 245 1037 Gellius
264 985 327 1053 oet,
347 979 495 1053 μασηιάος
514 973 547 1037 εὖ
567 980 693 1052 Scaliger
712 982 748 1036 ad
768 981 901 1053 stephan.
920 999 997 1054 poes.
1016 984 1117 1054 philos.

95 1088 125 1141 p.
135 1076 199 1139 217,
218 1068 396 1142 μαθητεύειν
409 1070 523 1124 Brunek
536 1071 547 1139 ll
559 1089 585 1125 v.
601 1074 617 1123 2
637 1064 665 1123 δ’
686 1084 740 1125 om.
753 1070 827 1127 Prol.
845 1073 849 1140 Ι
865 1066 1005 1141 ἠλλάξατο
1018 1071 1117 1129 Iambl.

96 1161 128 1214 et
145 1157 244 1227 schol,
262 1153 354 1228 ἦλαξοι
371 1154 445 1213 Prol.
462 1161 467 1228 l
485 1158 594 1232 βίβλον]
609 1153 718 1229 μολπήν
733 1157 807 1214 Prol.
821 1161 832 1230 ll
845 1179 870 1216 v.
887 1166 903 1215 3
923 1155 996 1216 ὅθεν
1011 1160 1118 1218 Gellius

98 1247 104 1318 1
119 1241 323 1317 ἀπαρχόμενος
337 1245 445 1302 Gellius
460 1242 649 1318 (παρχόμενος
662 1247 723 1303 cod.
736 1246 854 1318 Vatia.):
870 1243 1052 1321 ἀφορμηθεὶς
1065 1253 1118 1308 oet.

99 1337 103 1406 l
123 1331 250 1405 γράφειν
268 1333 377 1392 Gellius
393 1339 398 1406 Ι
419 1331 577 1406 ἐδιδάχθης
595 1336 703 1392 Gellius
722 1333 894 1408 (ἐδιδάχθην
913 1339 1031 1408 Vatia.):
1056 1334 1118 1396 ίπε-

96 1427 186 1495 χείρει
213 1423 301 1480 ueteri
327 1427 440 1495 praeter
458 1425 588 1481 Proelum
615 1425 655 1496 (in
680 1441 735 1494 quo
766 1422 929 1498 ίπιχειρεῖ),
963 1425 1119 1500 ἐπεχείρεις

96 1513 299 1572 Wortermunu
315 1513 406 1585 biogr.
425 1533 452 1586 p.
472 1521 532 1572 ³94.

165 1727 264 1772 sonu.
289 1707 406 1768 Gellius
429 1710 448 1768 l.
471 1727 493 1769 s.
513 1709 648 1768 Tim0nis
672 1727 777 1770 versus
800 1709 1019 1786 interpretatus
1041 1714 1118 1773 nihil

97 1807 157 1868 nisi
180 1801 306 1868 ‘librum
328 1807 550 1885 Pythagoricae
573 1800 761 1884 disciplinae’
786 1813 1008 1887 commemorat,
1037 1810 1119 1887 quod

97 1905 199 1984 ipsum
219 1923 255 1964 ex
275 1904 391 1964 Timaei
414 1905 529 1983 dialogi
550 1909 662 1964 natura
685 1904 792 1964 debuit
814 1905 919 1984 ooniei,
944 1906 996 1967 sod
1015 1907 1118 1968 eodem

97 2004 164 2062 iure
183 2003 223 2061 ad
241 2002 444 2080 Eephnntm,
467 2002 635 2079 Archytm
653 2003 729 2062 alios
749 2007 886 2079 spectare
904 2009 1006 2081 potest
1024 2010 1117 2084 atque

97 2101 137 2161 ad
150 2099 334 2160 Philoluum.
369 2100 456 2160 ouius
475 2101 706 2161 commentarios
720 2100 880 2162 Platonem
893 2107 1038 2162 nanctum
1053 2121 1118 2162 esse

97 2198 190 2258 multi
218 2197 342 2275 quidem
368 2198 448 2258 inter
474 2200 592 2259 ueteres
619 2199 824 2275 tradiderunt,
854 2198 1008 2258 Neanthes
1036 2201 1118 2277 apud

96 2296 198 2357 hert.
222 2295 300 2356 vn]
321 2297 373 2373 55,
397 2295 526 2372 sayna
549 2295 632 2374 apua
654 2296 783 2355 eundem
806 2296 902 2372 1119,
925 2295 1062 2356 vn115
1087 2303 1119 2356 ιι
1243 2281 1253 2298 “

97 2395 154 2472 84,
183 2393 309 2472 quidum
336 2393 418 2470 apud
441 2393 570 2454 eundem
592 2393 668 2453 vm
692 2396 747 2472 85,
776 2392 880 2453 Cicero
904 2393 941 2452 de
962 2392 1079 2471 republ.
1103 2395 1118 2453 I

99 2495 150 2570 10,
177 2494 228 2570 16,
252 2490 370 2552 Gellius
392 2496 471 2552 noot.
496 2491 560 2552 Att.
584 2491 630 2552 ΠΙ
654 2495 704 2569 17,
730 2495 746 2552 1
773 2495 804 2552 et
828 2491 1039 2569 231amblioh.
1063 2493 1117 2553 vit.

96 2589 229 2668 Pythag.
253 2591 407 2667 31‚199;
440 2589 496 2650 alii
518 2590 617 2650 aliter.
656 2609 744 2650 nemo
772 2595 874 2650 tamen
898 2593 1020 2668 praeter
1042 2589 1117 2650 Her·

95 2687 236 2765 mippum
265 2678 362 2767 (apud
388 2687 488 2747 Laert.
512 2687 588 2746 vm
617 2689 658 2746 25
683 2714 725 2736 ---
747 2689 867 2775 Mulier.
891 2690 949 2767 frg.
972 2689 1042 2749 hist.
1067 2687 1117 2747 Gr.

96 2785 144 2846 111
166 2805 197 2862 p.
216 2785 258 2844 42
278 2785 314 2844 fr.
336 2777 393 2866 25)
417 2786 470 2862 qui
494 2785 616 2862 quidem
639 2783 772 2847 affirmat
794 2787 826 2846 id
849 2787 948 2847 dicere
970 2778 1036 2845 τινά
1058 2788 1118 2844 τῶν

96 2878 311 2962 συγγραφέων,
344 2886 376 2943 et
408 2883 533 2942 Tnetzen
565 2876 649 2965 (elil.
677 2884 705 2942 X
734 2885 798 2954 792
822 2902 900 2961 sqq.;
933 2883 976 2942 XI
1001 2886 1018 2940 1
1044 2899 1118 2958 sqq„

98 2981 141 3042 ³8
164 2972 246 3061 sqq.)
273 2980 343 3040 iude
371 2981 452 3041 idem
479 2981 580 3040 effecit
602 2983 694 3057 atque
717 2980 841 3058 Timon,
870 2999 906 3040 ex
933 2979 979 3038 his
1008 2979 1117 3053 emptis

97 3077 323 3140 commentariis
346 3077 505 3138 Platonem
527 3078 752 3156 transcripsisse
772 3078 931 3137 Timaeum
952 3074 1116 3151 dialogum.

98 3176 208 3255 quodsi
235 3178 317 3235 reete
347 3175 385 3236 ud
411 3177 449 3235 fr.
472 3175 588 3234 XXVH
614 3175 729 3234 oonieoi
753 3175 880 3236 Taetzen
907 3175 981 3231 haee
1012 3187 1116 3249 quam·

98 3293 191 3352 quum
217 3273 282 3351 ipse
307 3274 455 3351 quaedum
479 3274 675 3351 neglegenter
697 3273 836 3332 confudit
857 3292 895 3332 ox
917 3270 1043 3330 'limone
1065 3289 1117 3346 pe-

96 3372 197 3449 tiisse,
222 3371 327 3449 quaeri
349 3374 451 3448 potest
472 3391 547 3430 num
564 3369 750 3445 Hermippus
773 3371 859 3430 illam
882 3369 1059 3429 memoriam
1081 3388 1118 3428 ex

97 3470 163 3530 ullo
192 3469 253 3528 alio
281 3469 427 3546 scriptore
456 3472 550 3545 atque
578 3487 613 3527 ex
641 3468 734 3543 poeta
762 3467 947 3546 sillographo
971 3463 1117 3524 hauserit.

98 3583 154 3626 neo
186 3569 271 3625 aetas
297 3563 457 3642 Hermippi
489 3568 571 3628 certe
603 3580 657 3624 neo
690 3562 754 3625 eius
787 3566 862 3628 satis
893 3567 968 3624 nota
999 3555 1118 3640 ἀκρισία

917 3659 955 3714 9*
