2544 3998
548 219 589 228 -
640 183 701 248 ιοο
749 221 790 230 -
1052 209 1183 252 mons

160 349 274 410 mentio
298 349 379 409 fecta
403 351 450 409 est
471 349 561 425 plane
584 348 753 406 necessaria
777 340 903 430 (ineptit
933 350 1014 409 enim
1036 349 1181 411 Kuhnius
1263 337 1264 360 ³

161 447 214 524 qui
232 444 328 524 ἔρρειν
346 463 411 506 esse
430 440 596 506 ‘vetustate
618 440 782 523 corrumpi'
806 439 929 528 voluit).
963 447 1038 506 mihi
1056 448 1183 509 videtur
1263 493 1269 534 4

159 544 191 602 In
214 536 317 622 μικρὸς
344 544 517 620 corruptela
544 544 653 620 latere,
684 544 822 619 postulat
850 545 930 604 enim
955 577 997 586 -
1021 545 1081 604 nisi
1110 565 1181 624 gra·

160 641 228 702 vius
256 643 334 702 latet
356 640 499 701 mendum
522 671 564 680 -
593 632 649 698 ἰὼν
676 639 828 700 adiectum
861 641 989 702 verbum
1017 643 1181 721 quoddam,
1268 625 1269 634 ἵ

161 757 221 816 quo
246 738 417 800 accuratius
441 736 604 798 definiatur
625 737 767 796 movendi
789 739 882 816 ratio;
907 736 1002 819 ἔρρειν
1019 759 1091 800 vero
1112 741 1182 801 voci
1268 729 1269 733 ¹

160 855 237 914 quae
271 837 350 896 inest
383 835 567 914 aliquotiens
595 834 627 892 in
653 832 808 894 Homerici
835 836 1019 896 carminibus
1045 836 1183 914 vagandi
1268 825 1269 830 ¹

158 934 243 994 notio
273 952 333 993 non
361 931 601 1010 improbabiliter
630 929 679 990 hic
707 931 893 992 adsciscitur.
935 934 1040 1011 itaque
1064 934 1183 994 conieci

161 1024 284 1109 μακρόσ’
310 1023 378 1090 lo'v:
406 1047 591 1108 quamquam
619 1028 699 1088 enim
722 1023 849 1108 μαιιρόσε
877 1030 952 1090 alias
979 1050 1041 1090 non
1063 1031 1183 1109 legitur
1268 1025 1269 1028 ’

159 1129 213 1189 sed
236 1128 336 1188 solum
359 1120 525 1205 μακρόθεν,
552 1130 656 1187 tamen
677 1130 714 1186 ut
736 1119 857 1206 ἆφχόσε,
883 1121 986 1205 τηλόσε
1011 1127 1073 1187 alia
1096 1133 1181 1188 reote
1268 1199 1269 1202 ρ

160 1225 333 1287 formatum.
376 1244 436 1302 quo
459 1225 587 1302 probato
612 1228 719 1302 sponte
742 1227 829 1301 patet
852 1242 921 1284 cum
944 1225 1084 1285 Dobraeo
1108 1247 1137 1287 v.
1160 1229 1179 1286 2

158 1317 254 1395 οὕτως
277 1323 489 1401 corrigendum
509 1339 574 1380 esse
597 1323 634 1380 ut
653 1321 763 1382 evadat
784 1322 860 1382 haec
883 1322 1049 1382 sententia:
1073 1316 1182 1401 ‘vaga-

157 1423 210 1480 tur
232 1421 347 1481 frustra
369 1422 459 1499 longe
482 1421 605 1497 lateque
628 1419 747 1498 agitata
769 1437 872 1498 nassa,
897 1439 958 1497 qua
981 1437 1057 1480 anus
1079 1419 1181 1482 Phoe·

157 1517 239 1578 nisse
259 1518 360 1577 omnis
379 1522 501 1595 captare
520 1517 624 1578 studet
642 1517 718 1576 nihil
737 1511 830 1595 oapit'
851 1517 927 1578 satis
952 1521 1024 1594 apta
1047 1521 1084 1578 ut
1102 1519 1183 1579 mihi

158 1615 281 1676 videtur
307 1616 363 1676 hoo
391 1616 467 1677 loco.
507 1615 561 1675 sed
587 1614 714 1674 mohora
737 1614 764 1673 si
787 1615 855 1692 quis
884 1613 1003 1676 docebi’e
1030 1616 1181 1676 laetabor.

224 1713 380 1774 Postremo
404 1713 440 1773 de
463 1731 536 1776 voce
560 1703 759 1795 (σ)ιιιν6αφο’ς
780 1713 817 1772 cf.
838 1713 919 1773 Sext.
943 1713 1010 1776 adv.
1033 1714 1181 1775 mathem.

156 1809 233 1870 VIII
254 1813 330 1887 1333
354 1810 445 1870 schol.
468 1809 593 1886 Dionys.
618 1809 723 1869 Thrac.
746 1829 775 1886 p.
799 1812 910 1889 677,8
934 1811 1042 1889 Belin,
1065 1812 1181 1872 Parce·

157 1907 263 1984 miogr.
284 1906 366 1967 Gott.
386 1909 401 1966 I
419 1928 448 1984 p.
468 1908 532 1968 387
557 1907 727 1985 cumcun,
751 1907 873 1985 Syrieni
896 1925 1001 1968 comm.
1025 1909 1057 1967 in
1080 1908 1180 1970 Arist.
1268 1911 1269 1946 ³

157 2003 289 2081 Metaph.
304 1997 430 2082 p.·880¹’
446 2007 487 2064 33
512 1995 596 2086 (vide
614 2005 737 2083 Nagelii
760 2005 829 2066 diss.
854 2003 890 2066 de
913 2006 1021 2083 blityri
1044 2010 1075 2066 et
1098 2005 1180 2066 scin·

157 2101 259 2180 dapso.
291 2102 423 2163 Altdorf.
442 2093 552 2184 1772).
586 2101 769 2162 sententiam
790 2106 872 2162 recte
896 2103 1118 2180 interpretatur
1137 2105 1179 2164 Is.

158 2197 368 2260 Oasaubonus:
394 2194 461 2260 ‘hoc
486 2218 557 2279 ergo
581 2201 681 2261 voluit
704 2200 824 2279 Timon,
850 2201 1001 2262 Zenonem
1022 2200 1181 2262 hominem

156 2295 250 2357 fnisse
272 2298 431 2374 loquacem
450 2300 481 2358 et
499 2298 586 2364 cuius
605 2295 699 2358 verba
717 2297 824 2358 darent
841 2299 906 2358 sine
925 2301 1027 2359 mente
1046 2293 1179 2359 sonum’.

619 2545 711 2606 VIIII

201 2661 238 2728 ἓν
262 2659 299 2726 δὲ
322 2656 360 2727 τὸ
383 2661 576 2747 θαρσαλέον
598 2687 633 2729 τε
656 2661 711 2730 καὶ
735 2660 871 2748 ἐμμενὲς
895 2659 984 2751 ὅππῃ
1010 2657 1156 2749 ὀρούσαι

201 2763 330 2852 φαίνετ’
350 2761 557 2855 Ἀναξάρχου
580 2767 704 2837 κύνεον
727 2767 841 2855 μένος·
865 2765 902 2848 ὅς
926 2771 969 2856 ῥα
990 2769 1046 2837 καὶ
1065 2769 1178 2858 εἰδώς,

201 2869 247 2952 ὥς
265 2871 396 2959 φάσαν,
419 2871 540 2954 ἄθλιος
561 2878 649 2960 ἔσκε,
674 2873 776 2960 φύσις
795 2875 836 2942 δέ
851 2901 910 2962 μιν
928 2879 1070 2962 ἔμπαλιν
1093 2869 1179 2964 ἦγεν

200 2976 408 3067 ἡδονοπλήξ,
431 2976 475 3067 ἣν
498 2986 646 3048 πλεῖστοι
669 2978 886 3067 ὑποτρείουσι
910 2989 1076 3068 σοφισταί.

449 3147 570 3189 HOMERI
592 3146 732 3191 Dauom
753 3147 870 3192 Vnnsvs

155 3245 185 3300 in
202 3264 229 3302 v.
249 3251 273 3302 1.
293 3251 323 3300 2:
344 3249 375 3300 Ψ
392 3251 443 3302 837
463 3239 499 3300 ἂν
519 3245 552 3300 (il
567 3247 709 3316 Λεοντῆος
727 3242 866 3317 κρατερὸν
885 3243 969 3317 μένος
987 3243 1137 3305 ἀντιθέοιο

154 3332 185 3387 in
203 3352 229 3389 v.
249 3339 277 3388 2:
298 3337 323 3386 Δ
342 3338 394 3388 278
414 3342 443 3390 et
462 3337 493 3388 Ψ
511 3339 562 3389 375
582 3329 696 3404 φαίνετ’
717 3333 828 3404 (eadem
847 3351 940 3392 versus
959 3335 1037 3404 sede)

295 3423 327 3476 N
343 3427 395 3478 666
414 3415 445 3486 ὅς
465 3417 492 3494 ῥ’
513 3414 722 3487 sicliniensi..

154 3515 369 3526 ——n------

222 3574 308 3616 rnsn.
344 3556 569 3617 Plutarchus
597 3555 633 3616 de
663 3556 777 3617 virtute
805 3557 915 3616 morali
942 3574 966 3616 ο.
992 3559 1009 3618 6
1034 3579 1064 3636 p.
1088 3553 1178 3620 446B
