2542 3996
553 248 594 257 —
643 212 707 278 186
754 247 795 257 -
1058 233 1197 277 morus
1262 239 1263 254 ν

170 372 259 455 δόξης
282 379 314 438 ιι
335 376 468 437 mamm
492 367 544 457 (ef.
563 375 599 436 a.
618 376 733 436 xxxii
751 397 779 435 v.
799 377 829 453 4,
847 375 1008 435 xxxvm
1025 396 1053 436 v.
1069 367 1119 458 a).
1156 375 1198 434 ae

170 475 260 536 huius
297 475 393 553 igitur
424 474 596 552 philosophi
628 473 724 534 vitam
758 474 927 535 solitariam
958 473 1197 534 describendam

169 573 229 634 duo
266 573 392 634 novavit
427 571 520 634 verba
552 572 660 632 Timon
697 565 876 650 αὐτόσχολον
909 574 940 631 et
971 565 1197 650 αὐτολαλητήνι

169 665 345 750 αὐτόσχολος
368 689 453 748 vero,
476 673 512 729 nt
534 672 615 729 reete
633 669 854 746 interpretatur
870 669 1039 729 Meineliius
1058 670 1078 728 l.
1098 688 1124 730 s.
1146 672 1197 729 est

170 763 236 847 ‘qui
258 769 316 830 sibi
339 771 440 846 vaeat,
463 786 523 827 non
546 761 636 826 aliis’.

237 1156 447 1218 Athenaeus
466 1157 511 1215 VI
528 1178 557 1234 p.
573 1148 654 1216 251b
675 1155 775 1234 Τίμων
795 1148 811 1216 ὁ
832 1150 972 1228 Φλιάσιος
993 1154 1026 1215 ἐν
1043 1158 1084 1239 τῷ
1103 1157 1194 1239 τρίτῳ

171 1257 231 1316 τών
249 1254 356 1315 σίλλων
371 1248 562 1333 Ἀρίστωνώ
581 1271 655 1331 φησι
673 1245 733 1313 τὸν
752 1257 856 1330 Χῖον,
871 1246 1041 1332 Ζήνωνος
1065 1249 1102 1313 dl
1128 1258 1194 1315 τοῦ

170 1349 322 1424 Κιτιέως
344 1345 544 1431 γνώριμον,
572 1345 705 1411 κόλακα
727 1347 897 1430 γενέσθαι
921 1350 1102 1427 Περσαίου
1128 1355 1193 1413 τοῦ
1266 1361 1267 1440 l

171 1443 393 1528 palaeopoli,
408 1441 462 1509 ὅτι
478 1436 523 1527 ἦν
542 1444 682 1525 ἑταῖρος
696 1441 905 1528 Ἀντιγόνου
922 1451 985 1508 τοῦ
1004 1446 1192 1526 βασιλέως.

571 1587 785 1596 --—--—-.--.

517 1714 599 1774 LXV
623 1707 680 1796 (25
700 1707 834 1796 proeod.)

651 1831 689 1898 ἐν
712 1829 749 1898 dl
772 1829 964 1918 πλατυσμὸς

215 1936 582 2024 πουλυμαθημοσύνης,
605 1939 663 2022 τῆς
686 1931 727 2004 οὐ
750 1933 953 2022 κενεώτερον
976 1935 1061 2004 ἄλλο

452 2122 572 2165 HOIOERI
593 2120 759 2163 DETORTVS
783 2120 900 2166 VEBSVS

169 2221 200 2276 in
220 2240 245 2279 v.
267 2228 296 2277 2:
316 2242 333 2292 η
352 2227 405 2277 alo
424 2214 458 2276 οὗ
480 2263 485 2274 .
501 2263 508 2277 .
524 2263 530 2274 .
547 2263 553 2274 .
571 2216 709 2290 κύντερον
728 2216 795 2273 ἄλλο

239 2373 325 2415 rnsr.
353 2353 562 2415 Athenaeus
581 2351 656 2412 XIII
673 2372 702 2429 p.
723 2343 803 2412 610b
826 2348 876 2410 καλ
899 2341 916 2411 ὁ
937 2350 1037 2429 Τίμων
1062 2347 1134 2412 alt
1183 2366 1188 2378 ·

172 2450 226 2512 «ἐν
248 2484 286 2494 -
309 2445 409 2512 illo».

241 2601 267 2637 v.
289 2589 303 2637 i
323 2578 355 2638 ἐν
373 2584 400 2636 A
414 2585 423 2654 ll
446 2601 473 2638 v.
492 2588 507 2637 2
526 2578 806 2652 πολυμυθημοοώνης
824 2581 852 2636 A
873 2584 877 2651 Ι
898 2576 982 2652 odae,
1000 2577 1143 2654 νεώτερον
1161 2587 1187 2637 Α

170 2676 383 2685 .-—-——·—--

238 2732 333 2775 donn.
361 2706 539 2793 Πλατυσμός
562 2719 609 2774 est
630 2715 770 2791 iaetati03
793 2713 846 2774 sed
869 2713 930 2773 diei
952 2715 1060 2792 nequit
1082 2720 1189 2776 utrum

170 2815 286 2875 usitata
331 2812 536 2894 παρουομνσίᾳ
582 2813 690 2873 Timon
732 2812 892 2873 Platonem
936 2815 1104 2891 pupugerit
1151 2835 1190 2874 an

171 2913 266 2972 alium
285 2909 491 2990 dogmaticum
508 2909 729 2987 philosophum.
757 2909 917 2969 Platonem
931 2911 1080 2988 cogitavit
1095 2913 1189 2972 etiam

169 3009 320 3088 Bergkius
340 3008 376 3068 de
394 3008 501 3086 reliqu.
520 3026 594 3068 eom.
614 3008 729 3085 antiqu.
744 3028 773 3084 p.
791 3010 863 3085 180,
886 3007 946 3068 nisi
965 3009 1097 3068 fortasse
1110 3009 1189 3088 Hip·

169 3125 230 3184 pon
249 3107 292 3167 eis
306 3110 492 3185 tangeretur.
520 3105 626 3182 paneis
640 3104 720 3164 enim
734 3108 805 3166 ante
818 3104 994 3166 Athenaeus
1008 3112 1190 3168 nanaverat

169 3203 341 3281 Hipponem
372 3197 425 3264 τὸν
456 3197 552 3263 ἄθεον
580 3202 691 3262 dirisse
720 3196 1033 3280 “ντουλομοιθημοσι5νη
1065 3207 1117 3281 τῆς
1152 3199 1189 3266 οὗ

169 3295 344 3380 κενεώτερον
362 3293 451 3362 οὐδέν
457 3295 475 3361 ’.
503 3300 672 3360 Meinekius
691 3303 793 3361 tamen
812 3317 905 3360 exero.
920 3301 952 3359 in
966 3300 1038 3361 Ath.
1053 3301 1085 3359 11
1098 3323 1128 3378 p.
1144 3306 1186 3363 33

153 3389 228 3478 v(=
253 3400 331 3457 anal.
354 3419 382 3475 p.
408 3391 487 3482 292)
516 3399 626 3459 statuit
648 3397 726 3457 falso
750 3397 884 3457 Timonis
907 3417 1028 3459 versum
1050 3397 1189 3476 Hipponi

169 3493 355 3570 adscriptum
373 3513 448 3572 esso,
467 3496 549 3574 qnod
566 3497 641 3555 mihi
660 3514 780 3574 quoque
799 3495 919 3555 arridet.
957 3499 1049 3574 atque
1068 3497 1188 3574 aliqua-

169 3596 258 3653 tenus
288 3595 319 3653 et
345 3591 541 3652 confirmatur
564 3596 595 3653 et
618 3592 790 3652 accuratius
818 3591 961 3652 definitur
988 3595 1061 3654 haec
1083 3595 1187 3673 opinio
