2548 4004
459 214 679 279 ,45-

129 380 204 440 Duo
218 379 313 440 etism
331 378 504 454 spectacula
519 377 706 438 viridissime
719 378 815 455 ipsius
828 379 1077 456 philosophorum

67 477 233 538 cortuminis
256 475 398 554 cognosci
420 479 549 552 queunt,
571 480 739 555 nequeunt,
762 476 794 535 id
817 476 898 562 quod
916 473 1075 537 vehemen-

68 575 177 634 tissime
200 574 366 634 dolendum
388 576 448 650 est,
470 570 616 649 pernosci.

128 672 264 732 Primm
277 670 458 748 proponitur
471 669 684 731 Arcesilaus
699 689 808 748 parens
822 689 957 748 pugnem
971 675 1077 730 contre

68 768 278 846 cdvemeuum,
303 765 453 828 Zenonem
475 767 508 826 ni
525 768 618 828 fallor
640 761 723 849 (vide
742 786 847 828 comm.
862 768 901 828 sd
914 768 950 826 fr.
965 761 1078 848 ΠΗ),

69 867 199 927 versibus
222 866 342 926 duobus
361 857 412 946 (fr.
429 858 529 946 XVI),
552 866 585 924 in
608 866 718 943 quibus
739 869 924 943 provocetur
945 866 985 925 sd
1003 865 1078 942 Pyr-

68 965 187 1024 rhonem
210 967 242 1024 et
263 964 432 1024 Diodorum
455 962 565 1040 quibus
588 963 641 1023 ille
663 982 788 1040 prorsus
809 959 954 1042 indigent.
986 967 1078 1039 etque
1125 979 1134 996 ·

68 1061 191 1122 similem
219 1061 401 1120 sententiam
427 1060 529 1137 ipsum
552 1060 741 1122 Arcesilaum
769 1062 960 1139 eloquentem
985 1060 1078 1136 paulo

69 1163 132 1235 post
150 1157 226 1218 fecit
245 1157 354 1218 Timon
374 1149 535 1238 (droiensis
552 1150 645 1218 αὐτὸν
660 1161 744 1219 ποιεῖ
763 1154 897 1238 λέγοντας
915 1157 951 1217 fr.
963 1150 1080 1238 XVII);

69 1254 255 1315 mremnrins
278 1259 382 1315 eutem
403 1254 433 1314 ei
455 1253 616 1331 opprobrio
639 1256 745 1333 vertit,
773 1254 855 1332 quod
881 1255 1080 1331 uituperatio·

70 1353 153 1414 nibus
167 1371 288 1430 semper
299 1351 468 1412 immisceat
480 1353 563 1413 iocos
576 1353 626 1412 vel
638 1353 774 1429 poeticos
787 1353 877 1413 flores
887 1345 938 1434 (fr.
948 1344 1080 1433 XVIH);

70 1455 217 1526 postremo
240 1450 415 1512 Arcesilaus
443 1450 579 1510 cretione
605 1449 712 1509 habite
739 1467 803 1509 sese
831 1449 924 1510 infert
950 1448 1081 1508 mediam

71 1547 99 1606 in
118 1548 242 1610 turbam
266 1565 343 1624 qnos
367 1566 437 1608 eum
458 1564 640 1625 magnopere
667 1546 836 1606 admiretur
863 1538 914 1627 (fr.
937 1539 1081 1626 XVIIII).
1144 1553 1148 1562 ’

131 1645 240 1706 Altero
262 1645 457 1722 vegetissims
479 1645 581 1723 imego
599 1642 686 1702 nobis
706 1644 793 1721 qussi
811 1647 881 1703 ente
903 1645 1006 1704 oculos
1028 1661 1083 1719 po·

72 1742 149 1803 nitur
157 1741 314 1803 Zenonis
328 1742 453 1820 eiusque
462 1741 600 1820 agminis.
624 1741 725 1801 Zenon
735 1741 815 1800 enim
829 1740 947 1818 colligit
960 1739 1083 1800 turbam

73 1840 274 1900 mendicorum
306 1831 356 1920 (fr.
380 1831 450 1921 XX)
483 1857 609 1915 eumque
641 1838 730 1898 docet
760 1837 921 1898 lenticulas
953 1853 1082 1914 coquere

75 1925 120 2014 (ir.
134 1928 235 2017 XXI),
260 1954 321 2013 qne
343 1955 375 1996 re
399 1935 575 2012 superbiens
598 1936 749 2014 glorietur
770 1955 850 1996 unus
874 1954 910 1994 ex
932 1953 967 1996 eo
991 1954 1083 2014 grege

75 2025 120 2112 (fr.
142 2027 260 2115 XXII);
288 2033 341 2093 sed
368 2033 400 2092 in
425 2052 530 2112 pugne
552 2033 698 2093 acerrime
725 2034 804 2094 alter
826 2034 880 2111 qui
902 2031 1029 2094 divitem
1051 2051 1083 2092 se

75 2127 181 2190 Zenoni
208 2130 325 2191 dedidIt
351 2131 413 2190 iem
439 2130 477 2190 de
503 2130 586 2190 felici
613 2131 785 2191 certaminis
811 2134 922 2192 eventu
944 2130 1084 2206 desperet

75 2232 101 2286 st
125 2227 318 2288 acerbissime
349 2228 455 2288 irridet
485 2229 554 2288 illos
580 2222 729 2306 πτωχούς,
760 2247 890 2304 namque
922 2245 986 2288 sese
1018 2245 1082 2286 esse

74 2319 183 2403 πτωχόν
212 2326 294 2402 quod
318 2325 358 2385 cd
379 2329 512 2386 mentem
539 2325 671 2386 sttinem
692 2327 796 2402 itaque
819 2323 945 2384 exitium
969 2325 1083 2385 evitare

75 2437 128 2479 non
140 2439 231 2498 posse
246 2414 297 2504 (fr.
308 2416 433 2504 XXIII)
460 2423 532 2482 huic
545 2423 642 2501 igitur
661 2423 824 2484 stoicorum
841 2442 961 2502 pugnae
974 2423 1083 2500 probs-

75 2513 170 2578 biliter
192 2519 348 2579 tribuendi
370 2525 442 2580 sunt
464 2520 511 2579 illi
535 2539 655 2598 quoque
673 2540 778 2582 versus
798 2521 908 2599 quibus
923 2519 1084 2582 Cleanthes

76 2613 251 2676 describitur
263 2636 318 2694 per
330 2617 445 2678 medios
454 2618 590 2680 virorum
599 2617 718 2678 ordines
733 2618 873 2692 incedens
883 2611 934 2700 (fr.
942 2612 1085 2700 XXIIII).

134 2715 231 2775 Porro
261 2715 301 2774 od
326 2715 575 2792 philosophorum
601 2715 780 2795 λογομαχίαν
810 2717 908 2776 refero
940 2717 1085 2794 reliquias

78 2813 247 2889 nonnullas,
285 2812 395 2889 quibus
433 2812 597 2874 adversarii
630 2814 847 2876 contumeliose
879 2815 1085 2891 appellentur:

79 2905 270 2987 erXuno
281 2909 479 2986 philosophus
488 2910 605 2987 petitur
613 2911 738 2987 quidam
747 2911 801 2990 qui
809 2911 1085 2988 comparationibus

79 3009 105 3064 et
125 3006 309 3085 imaginibus
332 3008 380 3067 uti
402 3008 511 3068 solitus
535 3008 584 3087 sit,
606 3008 643 3066 fr.
657 3009 757 3069 XXVI
779 3028 839 3087 quo
862 3009 981 3086 Pluton,
1005 3007 1087 3085 quod

79 3101 196 3181 inpenso
232 3106 332 3184 pretio
370 3105 483 3166 librum
514 3103 735 3184 Pythagoricae
771 3106 948 3183 disciplinae
980 3104 1088 3164 emerit

80 3217 167 3279 exque
190 3223 227 3264 eo
251 3203 409 3264 Timaeum
431 3203 637 3264 coneinnverit
664 3195 742 3284 (sive
764 3209 801 3264 ut
824 3205 947 3264 Tretzce
970 3203 1088 3280 plecuit

82 3295 239 3375 Sophronis
260 3301 360 3360 mimis
379 3301 503 3362 edoctus
522 3301 564 3360 sit
581 3300 719 3380 dialogos
738 3301 880 3361 scribere:
901 3300 938 3361 fr.
949 3292 1087 3376 XXVI⁸),

28 3385 32 3394 ’
82 3393 112 3454 fr.
127 3398 243 3458 XXVII
265 3391 430 3480 (siquidem
449 3397 582 3457 Timonis
606 3390 666 3480 est)
690 3416 751 3475 quo
768 3397 963 3475 Asclepiades
985 3397 1087 3456 Phlie-

84 3492 151 3572 sins;
176 3495 246 3556 dein
264 3497 300 3555 fr.
314 3495 446 3556 XXVIII
469 3514 528 3572 qno
548 3495 740 3556 Menedemus
761 3500 904 3556 narretur
921 3495 1087 3556 orationem

84 3587 216 3654 mbuisse
235 3599 267 3654 et
289 3594 326 3653 fr.
339 3593 487 3653 XXVIIII
505 3611 565 3671 quo
584 3591 756 3652 Heraclitus
774 3596 811 3653 ut
829 3592 909 3652 idem
927 3591 1088 3652 consilium
