2548 4004
553 198 773 262 ,(58.-

222 365 335 426 Contra
355 362 494 424 omnibus
512 361 613 423 nervis
632 361 852 422 contenderunt
871 359 969 438 cynici
986 362 1024 418 ut
1037 357 1180 434 exemplo
1262 359 1263 380 ¹

158 467 190 524 et
216 461 426 522 adhortatione
454 459 590 520 homines
617 478 635 518 a
656 458 835 520 libidinibus
859 456 1077 534 affectibusque
1101 453 1180 514 libe-

156 565 260 622 rarent
287 562 319 619 et
346 558 385 618 ad
413 558 506 618 animi
533 558 680 618 virtutem
708 557 784 617 nihil
807 557 891 617 ultra
914 557 1110 632 appetentem
1133 554 1180 612 in-

152 660 337 734 ,formarentt
364 657 469 734 itaque
488 674 548 715 non
566 655 598 714 in
617 655 737 714 scholae
755 653 941 714 umbraculis
960 672 992 712 se
1010 657 1181 713 tennerunt

50 775 74 800 ν
157 755 211 818 sed
233 755 264 814 in
280 755 354 814 'foro
377 757 410 814 et
431 753 601 831 angiportis
625 753 719 831 vulgo
740 769 772 812 se
790 751 1022 811 immiscuerunt
1040 755 1072 810 et
1090 750 1182 828 quid·

159 852 232 933 qnid
259 869 399 929 perverse
428 852 478 911 vel
505 851 623 910 laetum
650 849 789 944 viQrent
816 850 865 910 vel
893 847 1010 908 dietum
1037 846 1183 909 audirent

157 951 196 1012 ad
235 950 267 1010 id
308 968 340 1010 se
379 949 592 1026 applionenmt
628 965 806 1024 summaque
843 946 985 1007 libertate
1021 946 1182 1006 homiuum

158 1047 325 1109 stultitiam
356 1051 504 1106 notarunt
536 1047 597 1106 alia
624 1047 744 1122 praeter
771 1045 918 1106 virtutem
946 1047 1120 1121 captantem
1148 1049 1182 1105 et

157 1144 269 1204 crebris
288 1143 446 1204 affectibus
466 1147 654 1205 commotam.
691 1143 743 1202 sed
761 1147 798 1202 nt
810 1144 842 1202 in
857 1142 1047 1203 audientium
1060 1143 1181 1202 animos

159 1245 365 1319 penetrarent,
403 1240 542 1301 solebant
577 1240 720 1301 brevibus
753 1241 851 1301 acutis
882 1240 1030 1317 salsisque
1062 1239 1181 1300 ohriis
1265 1297 1266 1314 ,

158 1332 255 1420 uti¹),
298 1337 336 1398 de
374 1337 485 1415 quibus
523 1337 596 1399 audi
627 1337 829 1416 Demetrium,
866 1339 901 1398 de
933 1339 1030 1398 ολοιιιλ.
1063 1335 1083 1414 ἕ
1113 1341 1182 1399 170

159 1428 201 1517 (p.
222 1439 295 1513 299,
316 1437 358 1495 24
377 1427 503 1516 Speng.)
522 1437 636 1513 optime
655 1436 862 1496 disserentem:
881 1428 1038 1514 χρήσονται
1057 1431 1090 1496 δέ
1107 1455 1182 1496 ποτε

158 1531 208 1594 καί
241 1531 272 1593 οί
301 1528 443 1613 φρόνιμοι
474 1533 599 1614 γελοίοις
627 1527 703 1612 πρός
729 1555 760 1594 τε
785 1527 856 1606 τοιίς
882 1526 1019 1610 καιρούς,
1051 1523 1117 1594 οἷον
1146 1530 1182 1593 ἒν

159 1629 271 1712 ἑορταῖς
294 1630 343 1692 καί
367 1629 400 1692 ἐν
422 1632 615 1710 συμποσίοις,
638 1628 688 1692 ιιαλ
711 1628 744 1692 ἐν
766 1624 934 1709 ἐπιπλήξεσι
958 1625 991 1690 δὲ
1013 1623 1088 1709 πρὸς
1109 1624 1182 1704 τοὺς

156 1725 409 1809 τρυφερωτέρους,
444 1722 484 1802 ὦς
515 1722 532 1790 d
565 1723 714 1809 τηλαυγὴς
741 1722 875 1801 θύλακος
901 1725 951 1787 καλ
977 1720 997 1806 ἡ
1026 1721 1182 1806 Κράτητος

157 1821 311 1905 ποιητική,
334 1825 383 1886 καί
407 1829 508 1904 φαιιῆς
536 1820 682 1906 ἐγκώμιον
704 1819 744 1887 ἂν
766 1818 888 1910 ἀναγνῷ
910 1847 953 1898 τις
971 1822 1004 1885 ἐν
1022 1830 1083 1899 τοῖς
1100 1818 1181 1888 doei-

156 1938 230 1996 τοις·
260 1925 392 1997 τοιοῦτος
421 1920 454 1984 di
487 1915 527 1997 ὥς
554 1916 587 1984 τὸ
615 1911 782 1985 πλίονίιαὶ
809 1916 825 1984 ὁ
850 1917 1007 1996 Κυνικὸς
1034 1919 1178 2002 τρόπος·

156 2015 191 2080 τὰ
214 2015 271 2101 γὰρ
292 2025 412 2082 τοιαῦτα
430 2024 552 2102 γελοῖα
575 2020 696 2100 χρείας
715 2015 859 2100 λαμβάνει
876 2011 960 2093 τοὶξιν
977 2017 1025 2081 ιιαλ
1046 2015 1178 2102 γνώμης.

158 2120 345 2179 allatrarunt
367 2119 463 2198 igitur
487 2137 589 2180 omnes
608 2119 671 2179 fere
688 2123 836 2198 tanquam
853 2109 943 2191 ιιιλυες
961 2111 1112 2180 ὑλακτιιιολ
1130 2119 1180 2181 καὶ
1268 2165 1269 2168 ,

157 2213 298 2298 κοίρχαροι
330 2221 367 2278 ut
400 2221 478 2279 oum‘
498 2217 634 2278 Lucieno
664 2209 735 2299 (Bis
758 2235 851 2277 aeone.
882 2207 937 2296 33)
971 2216 1093 2295 loquer,
1127 2219 1180 2281 sed

158 2317 220 2375 rodo
241 2310 273 2377 τὸ
297 2309 375 2389 εἶδος
397 2318 450 2377 τοῦ
470 2317 605 2376 Κυνικοῦ
628 2309 728 2395 λόγου,
750 2319 788 2374 ut
809 2315 889 2374 idem
908 2314 1080 2374 Demetrius
1099 2316 1181 2378 infra

159 2411 257 2490 §261
285 2414 343 2492 ait,
366 2412 498 2474 σαίνοντι
519 2408 581 2491 ἅμα
603 2409 681 2474 ἔοικέ
702 2435 741 2495 τῳ
764 2409 814 2472 καλ
837 2405 1017 2494 δολιιυοντιλ).

225 2509 370 2570 Mffloruit
397 2509 493 2587 igitur
514 2511 647 2587 primum
669 2511 701 2568 in
724 2510 789 2571 vita
812 2510 978 2570 cottidiana
1004 2512 1182 2593 exereitum,

159 2606 266 2666 deinde
293 2607 387 2666 etiam
413 2608 524 2667 litteris
552 2609 729 2670 mandatum
756 2606 912 2685 proprium
939 2609 1017 2669 illud
1040 2611 1183 2687 eynieum

160 2703 277 2764 dioendi
314 2723 423 2782 genus,
458 2704 540 2781 quod
574 2707 691 2784 exigaris
723 2706 895 2783 primordiis
927 2706 966 2765 ab
997 2706 1184 2769 Antisthene

159 2801 266 2878 positis
285 2801 413 2861 maxime
432 2821 486 2878 per
499 2802 645 2881 Diogenis
663 2804 805 2864 festivam
818 2804 1010 2864 dicacitatem
1025 2805 1184 2866 excultum

160 2901 207 2958 est
230 2902 260 2958 et
282 2903 353 2976 post
375 2899 437 2959 fere
461 2900 599 2960 omnibns
623 2901 735 2979 eyniois
758 2905 859 2979 potest
877 2901 1040 2979 adsignari,
1063 2901 1184 2964 Crateti

160 2995 251 3056 Bioni
273 2995 415 3073 Menippo
438 2995 590 3076 Meleagro
615 2998 784 3076 dequibus
807 2999 945 3060 omnibus
969 2999 1049 3059 infra
1072 2999 1183 3080 dicam,

161 3092 289 3170 denique
321 3095 454 3155 Monimo
493 3094 546 3172 qui
583 3095 703 3173 scripsit
734 3097 856 3178 παίγνια
889 3095 1006 3181 σπουδῇ
1036 3099 1185 3182 λεληθυίᾳ

161 3187 318 3269 μιμιγμίνα
341 3183 389 3273 (L.
413 3193 449 3252 D.
473 3193 518 3252 VI
542 3185 608 3274 82).

164 3303 377 3311 ——u—-q

234 3345 261 3411 1)
280 3343 315 3396 de
341 3359 460 3410 quarum
478 3344 586 3416 origine
605 3347 681 3401 reete
699 3344 964 3416 nuper'disputavit
981 3345 1182 3404 Duemmlerus

162 3439 189 3594 1:
210 3427 412 3636 maggdimiliter
429 3503 500 3560 dixit
518 3503 642 3574 Luam,
661 3505 714 3560 Bis
727 3523 816 3562 οοοαο.
831 3511 865 3561 33
884 3506 920 3561 do
934 3507 1069 3577 Menippo
1088 3509 1182 3576 γελῶν

163 3599 222 3649 αμα
276 3599 355 3636 ιιιιυε.
