2544 3998
97 213 144 254 aa
158 211 386 254 xxm—xxxv
481 225 523 234 —
573 189 636 253 145
683 224 724 233 —

97 353 289 413 ambulamus.
334 352 457 412 videtur
491 356 594 412 tamen
632 352 735 430 potius
777 353 926 412 sententia
963 351 1112 430 quaedam

97 451 261 529 generalis,
288 469 323 509 ex
346 468 408 527 qua
431 468 556 527 corpora
578 452 711 509 hnmana
734 449 878 510 dicantus
901 450 980 509 sacci
1003 451 1114 527 spiritu

97 549 187 626 quasi
209 547 307 607 inflati
329 579 366 587 —
387 549 536 608 translata
559 548 652 607 etiam
672 547 754 624 apud
771 546 929 607 Alexidem
948 539 1113 628 (Hesionae

97 647 132 706 ir.
150 651 177 724 1,
192 645 320 706 Moinek.
335 645 382 704 111
399 665 428 722 p.
444 647 522 722 4173
543 645 579 704 fr.
596 647 638 707 85.
656 645 750 706 Kook.
765 645 796 704 Π
818 648 834 704 1
854 665 883 722 p.
894 636 979 725 324)
993 640 1067 704 κατοὶ
1085 667 1114 705 τε

96 738 151 821 τήν
175 742 337 821 παροιμίαν
357 743 361 816 Ι
382 735 431 804 αἰεί
446 735 511 802 ποτ’
533 731 566 804 εὖ
585 738 639 820 μὲν
656 733 757 820 ἀσκός,
780 730 1016 814 attitulatos
1037 735 1041 822 Ι
1062 735 1113 801 ἦν·

99 833 223 918 θρωττός
242 837 300 900 ἐστι
318 841 493 900 ioculariter
510 841 542 899 in
561 840 749 901 vinolentum
765 844 797 901 et
810 856 949 901 soreoem
963 839 1114 916 quendam

98 938 251 999 hominem
276 969 313 978 -
339 938 492 1015 ingeniose
515 939 560 998 ita
583 938 697 998 deflexa
719 957 783 998 esse
803 956 822 998 a
841 937 965 996 Timone
986 937 1025 996 ad
1048 937 1113 995 irri-

100 1036 233 1096 dendum
250 1035 500 1112 philosophorum
516 1037 640 1113 fastum,
659 1039 695 1095 ut
712 1028 801 1095 ἀσκοί
816 1035 877 1094 iam
895 1054 956 1094 non
975 1033 1036 1095 sint
1050 1052 1113 1094 σοι·-

98 1151 173 1210 pora
193 1132 304 1209 spin'tu
321 1133 427 1193 inflata
446 1134 498 1193 sod
516 1117 638 1212 ingenia
654 1152 732 1194 vana
750 1133 914 1193 iactatione
929 1136 959 1192 et
973 1130 1113 1191 inanibus

99 1229 325 1308 opinationibus
353 1231 514 1308 tumentia3
544 1231 625 1308 quod
651 1232 753 1308 ipsum
776 1231 883 1308 opinor
904 1229 1043 1290 imitatus
1067 1232 1114 1289 est

97 1325 344 1403 'l'heophylaotus
359 1327 466 1387 Simon.
482 1327 568 1405 epist.
586 1331 625 1389 79
647 1320 704 1412 (=
719 1329 858 1407 Excerpt.
870 1328 1039 1388 Vindobon.
1056 1318 1113 1409 55)

95 1424 124 1484 τί
146 1422 221 1502 δῆτα
243 1417 276 1484 τὸ
300 1418 388 1485 κενὸν
410 1427 495 1485 τοῦτο
521 1420 661 1506 δοξάριον
683 1423 732 1486 ἐστὶ
756 1429 891 1487 τοιοῦτον
912 1418 964 1486 τὸν
986 1419 1114 1504 τήλινον

95 1515 190 1583 ionia
214 1516 407 1600 διεφύσησεν;

499 1689 711 1698 ,-.-..-.

546 1887 658 1946 XXXV

141 2018 206 2090 οὐκ
230 2015 274 2088 ἂν
297 2018 339 2109 δὴ
362 2020 531 2110 Πύρρανί
549 2018 582 2108 γ’
607 2023 771 2109 ἐρίοσειεν
794 2019 915 2108 βροτὸς
937 2018 1047 2099 ἄλλος.

379 2224 499 2266 nouam
521 2222 686 2267 DETORTVS
709 2221 827 2267 vall-svs

173 2343 200 2395 Γ
214 2345 266 2395 223
286 2334 337 2395 οὖν
356 2335 392 2394 ἂν
413 2335 502 2396 ἔπειτ’
520 2335 639 2410 Ὀδυσῆΐ
652 2334 681 2410 η’
702 2335 838 2411 ἐρίσσειαν
858 2333 957 2410 βροτὸς
978 2333 1068 2401 ἄλλος.

166 2559 253 2602 naen.
290 2542 496 2602 Aristocles
525 2543 607 2620 apud
629 2542 755 2602 Eusebt
783 2559 885 2620 praep.
914 2547 1019 2621 evang.
1043 2540 1115 2600 XIV

100 2641 153 2720 18,
170 2643 210 2700 17
229 2660 259 2718 p.
276 2642 353 2702 761ο
374 2633 395 2718 ἢ
419 2632 470 2700 διὰ
492 2639 521 2700 τί
542 2639 642 2719 Τίμων
664 2639 769 2718 φησίν·
793 2632 873 2702 «οὐκ
890 2669 934 2681 -
952 2633 1071 2712 ἄλλος».

170 2788 292 2860 ἐρίσειεν
309 2791 388 2850 libri:
408 2792 536 2861 correxi!
552 2786 654 2865 βροτὸν
675 2789 699 2846 0

167 3013 263 3056 coum.
286 2993 351 3054 Hae
371 2995 475 3056 laudes
495 3012 564 3054 cum
583 2994 765 3072 genemliter
787 2993 891 3054 valent
913 2995 981 3051 tum
999 2991 1037 3050 ad
1056 2988 1116 3050 dis·

96 3093 229 3172 putandi
248 3092 426 3153 facultatem
443 3111 504 3171 qua
518 3091 657 3169 Pyrrhon
670 3091 783 3168 polluit
796 3091 947 3169 spectant:
965 3088 1002 3147 cf.
1016 3088 1116 3149 Laert.

96 3192 188 3270 Diog.
203 3191 247 3250 IX
262 3192 303 3250 64
323 3182 374 3272 (ex
388 3183 557 3272 Antigono)
577 3187 610 3249 ἔν
628 3209 657 3248 τε
674 3191 737 3262 ταῖς
755 3181 906 3267 ζητήσεσιν
923 3178 974 3246 ὑπ’
994 3179 1118 3259 οὐδενος

97 3292 306 3368 κατεφρονεῖτο
339 3282 389 3350 διὰ
416 3282 448 3350 τὸ
478 3285 648 3361 διεξοδικῶς
673 3305 704 3346 τε
731 3276 774 3366 (τε
802 3275 919 3365 addidi)
947 3279 1040 3363 λέγειν
1067 3281 1116 3344 καὶ

98 3379 176 3465 πρὸς
199 3379 355 3466 ἐρώτησιν·
379 3379 453 3448 ὅθεν
474 3383 525 3447 καὶ
547 3377 754 3462 Ναυσιφάνην
851 3385 1035 3462 θηραθῆναι.

153 3670 261 3722 Οστροτσ.
275 3671 308 3713 11.
924 3664 956 3712 10
