2542 3996
618 423 736 484 LVIIII

213 535 303 626 ἡνίκ’
329 541 431 628 ἐχρῆν
455 541 588 625 δύνειν,
612 543 678 607 νῦν
701 537 836 626 ἄρχεται
859 537 1067 627 ἡδύνεσθαι·

213 643 284 733 ύρη
308 646 405 732 ἐρᾶν,
429 642 499 733 ὥρη
524 645 561 713 δὲ
584 658 718 732 γαμεῖν,
743 643 814 733 ὥρη
839 644 877 714 δὲ
899 649 1105 715 πεπαῦσθαι.

448 831 568 874 HOMERI
591 830 757 873 DETOR'I'VS
781 829 898 874 VBBSVS

167 929 197 984 in
216 948 241 984 v.
262 935 292 985 2:
310 934 325 985 ί
344 935 396 984 379
416 922 474 1000 ύρη
493 926 546 1000 μὲν
563 926 674 983 παίδων
694 925 811 998 μύθων,
831 923 889 999 ύρη
909 927 941 984 δὲ
961 929 1011 984 καὶ
1030 925 1138 985 ύπνου.

234 1134 321 1176 nnsn.
345 1114 556 1175 Athenaeus
575 1105 779 1190 v11p.281‘¹
803 1112 869 1194 περὶ
893 1111 926 1174 δὲ
945 1115 1109 1176 Διονυσίου
1136 1121 1198 1178 τού

162 1204 368 1290 Ἡρακλεώτου
390 1211 419 1272 τί
436 1210 485 1271 δεῖ
498 1208 548 1270 καὶ
571 1207 679 1290 λέγειυ;
702 1203 736 1283 δς
758 1206 897 1290 ἄντικρυς
920 1205 1038 1286 ἆποδύς
1060 1207 1113 1274 τὸν
1139 1219 1196 1294 τῆς

167 1301 272 1387 ἀρετῆς
290 1309 397 1387 χιτῶνα
415 1300 527 1367 ἆνθιυδι
546 1301 765 1386 μετημφιάσατο
783 1305 833 1369 καὶ
847 1305 1064 1389 Μεταθέμενος
1078 1307 1194 1373 καλού-

168 1427 256 1484 μενος
279 1403 389 1484 ἔχαιρε,
411 1405 506 1466 καίτοι
528 1398 653 1486 γηραιὸς
675 1398 804 1478 ύποστύις
826 1408 885 1467 τῶν
907 1409 959 1484 τῆς
978 1411 1067 1481 στοᾶς
1089 1403 1195 1490 λόγων

167 1500 216 1562 καὶ
239 1500 288 1563 ἐπὶ
309 1496 361 1563 τὸν
376 1496 556 1582 Ἐπίκουρον
574 1497 795 1582 μεταπηδήσας·
818 1499 885 1581 περὶ
909 1491 945 1564 οὗ
965 1497 1022 1564 ούκ
1040 1497 1192 1584 ύχαρίτοος

166 1591 182 1661 δ
204 1600 304 1680 Τίμων
327 1599 398 1680 ἔφη·
423 1594 524 1679 «ἡνίκ’
547 1632 588 1642 -
607 1602 810 1660 πεπαῦσθαι».
851 1592 939 1682 (Inde
962 1602 1192 1663 Eustahhius

165 1698 197 1758 in
217 1697 322 1777 Odyss
346 1721 374 1777 p.
400 1701 494 1778 1691,
514 1700 556 1758 30
579 1695 620 1758 ἔτι
643 1694 751 1774 ἰστέον,
775 1692 819 1759 ὅτι
836 1692 984 1782 Ὁμηρικῷ
1009 1694 1086 1784 ζήλῳ
1111 1697 1192 1782 λέγει

165 1817 208 1870 τις
226 1791 296 1876 παρ’
315 1791 467 1880 Ἀθηναίῳ
486 1789 518 1857 τὸ
538 1790 622 1874 «ίύρη
641 1826 677 1837 -
695 1798 900 1873 πεπαῦσθαι»,
925 1785 948 1881 ᾧ
967 1788 1118 1878 σύγκειται
1137 1796 1192 1858 καί

164 1887 196 1955 τὸ
231 1887 351 1973 «ἡνίκ’,
367 1927 409 1935 -
437 1886 629 1972 ἡδύνεσθαι»)
667 1888 762 1974 ῥηθὲν
799 1891 846 1954 ἐπὶ
878 1896 992 1979 γηραιῷ
1025 1888 1189 1977 τρυφητῇ.)
1261 1887 1262 1932 ³

164 1990 393 2070 Anthologia
406 1991 520 2051 Pelet.
535 1991 563 2050 X
578 1993 619 2051 38
636 1983 774 2073 (Anthol.
789 1992 916 2052 Plenud.
931 2014 960 2070 p.
970 1995 1013 2053 20
1024 1987 1189 2076 Stephon.)

166 2088 223 2148 sub
246 2090 388 2149 lemmate
412 2088 588 2150 Διονυσίου·
613 2083 698 2170 «ύρη
720 2121 757 2132 -
779 2091 985 2151 πεπαῦσθαι».

238 2243 265 2279 v.
282 2230 296 2278 1
316 2224 369 2279 νύν
389 2222 454 2278 Ath.
474 2223 566 2279 anth:
584 2217 644 2278 τότ’
665 2223 743 2278 Eust.
757 2225 767 2294 ΙΙ
782 2242 806 2280 v.
822 2229 838 2279 2
859 2219 916 2294 ὥρη
935 2222 965 2278 δ’
988 2220 1057 2293 ἐρᾶν
1077 2225 1159 2282 Eunt.
1183 2227 1186 2297 t

167 2310 199 2367 δὲ
218 2313 387 2367 πεπαῦσθαι
405 2313 495 2368 anth:
515 2309 547 2367 δὲ
566 2310 714 2400 παύεσθαι
733 2313 799 2366 Ath.
818 2312 896 2366 Eust.

233 2516 328 2559 coun.
356 2498 402 2556 Ee
426 2515 503 2575 quoe
526 2494 703 2556 Athenaeus
727 2497 763 2556 de
786 2496 933 2574 Dionysio
957 2498 1186 2560 Metethemeno

165 2595 259 2656 refert
280 2594 379 2671 petita
397 2597 469 2654 sunt
486 2595 594 2670 procul
614 2593 705 2653 dubio
730 2613 766 2654 ex
780 2593 935 2674 Antigono
951 2595 1106 2675 Omystio,
1132 2598 1188 2676 qui

164 2693 196 2751 in
216 2712 251 2752 eo
271 2692 422 2769 discrepet
440 2709 458 2750 e
476 2691 573 2768 Nicia,
598 2691 679 2768 quod
697 2691 879 2774 Dionysium
897 2698 1115 2771 provectum
1135 2695 1186 2756 de-

164 2810 248 2850 mum
272 2793 373 2850 eetete
396 2789 483 2850 luxui
506 2807 537 2848 se
562 2788 679 2848 dedisse
702 2790 851 2869 narravit,
878 2794 1044 2851 secundum
1062 2791 1186 2852 Niciam

164 2907 235 2949 vero
260 2880 306 2970 (in
330 2887 553 2948 successionum
571 2885 656 2946 libris
680 2888 762 2964 apud
784 2886 895 2948 Athen.
915 2891 942 2948 X
963 2911 991 2966 p.
1012 2883 1107 2972 4370)
1132 2892 1185 2949 ille

164 2987 226 3047 fuit
248 2983 285 3046 ἔτι
308 2981 393 3046 νέον
415 2978 491 3063 πρὸς
512 2978 547 3045 τὰ
571 2976 732 3063 ἀφροδίσια
755 2979 894 3064 ἐμμανής.
931 2990 962 3046 et
986 2987 1186 3048 confirmatur

163 3084 238 3144 haec
251 3084 401 3163 Antigoni
413 3083 548 3143 narratio
563 3082 697 3141 Timonis
712 3081 857 3161 vensibus²
873 3101 948 3161 quos
962 3084 1121 3160 probabile
1137 3091 1184 3146 est

162 3182 264 3259 ipsum
281 3181 471 3260 Antigonum
488 3181 636 3240 laudasse.
674 3179 797 3257 singule
816 3181 965 3258 quaedem
985 3181 1021 3240 de
1041 3183 1184 3260 Dionysii

163 3279 397 3356 intemperentia
437 3279 632 3356 protulerunt
675 3295 711 3336 ex
748 3278 853 3338 eodem
887 3278 1042 3357 Antigono
1080 3281 1182 3341 Laent.

162 3376 254 3455 Diog.
275 3377 335 3436 VH
357 3379 418 3438 167
444 3380 475 3438 et
497 3377 607 3438 Athen.
631 3375 659 3434 X
681 3395 710 3451 p.
734 3377 814 3436 437ο
843 3367 895 3457 (cf.
919 3375 1183 3456 WilemowitziuS‚

162 3473 324 3549 Αιιίίμοαοο
345 3496 374 3552 p.
397 3466 483 3556 126).
530 3478 665 3534 ceterum
687 3474 738 3535 vix
762 3478 820 3552 est,
845 3493 899 3533 cun
919 3493 1059 3535 moneam
1081 3476 1182 3553 primo

162 3589 253 3632 versu
276 3591 336 3631 non
360 3571 459 3632 solum
477 3573 572 3634 vitem
589 3573 743 3650 privatum
761 3572 901 3651 Dionysii
918 3573 992 3652 peti,
1017 3574 1070 3633 sed
1089 3573 1183 3634 etiem
