2548 4004
561 167 781 231 ..74-

163 331 318 392 nonnullis
325 323 350 412 1)
375 351 411 390 ex
429 331 574 409 Diogenis
598 329 770 390 narratione
790 322 849 411 (IV
870 325 928 413 51)
950 328 1091 392 effectum
1112 349 1189 412 esse,

163 427 290 488 Bionem
320 429 414 488 fuisse
450 428 580 489 Cratetis
615 428 713 506 cynici
748 428 931 506 auditorem
966 429 1188 490 Academicum

167 526 259 604 enim,
282 546 343 587 non
367 527 506 604 cynicum
530 526 607 586 dixit
629 518 822 608 Di0g0n0s2).

229 625 334 703 Atque
355 625 487 702 primum
511 624 632 702 quidem
656 629 783 701 apparet
801 625 928 685 Bionem
952 626 1097 686 acerrimo
1117 645 1187 704 per-

164 721 277 783 fudisse
298 727 382 783 aoeto
400 723 596 800 philosophos
613 721 808 800 dogmaticos,
826 724 968 801 physicos
980 725 1187 804 potissimum,

164 821 407 898 mathematicos,
435 812 606 901 musicosi).
653 820 723 879 dein
745 825 830 881 extet
852 822 1065 900 mamasimum
1089 825 1188 902 quod·

164 917 234 977 dam
265 919 476 979 Eratosthenis
508 917 717 978 testimonium
749 918 830 995 apud
863 917 1044 982 Strabonem
1069 921 1084 980 Ι
1110 925 1140 1000 2,
1167 927 1186 983 2

163 1037 192 1093 p.
218 1019 273 1094 15,
298 1017 379 1094 quod
402 1035 470 1075 cum
493 1034 675 1094 magnopere
698 1009 828 1098 nuper4)
852 1021 995 1077 vexatum
1018 1019 1059 1078 nt
1081 1019 1188 1097 ipsum

165 1132 324 1192 apponam.
371 1113 445 1174 dicit
472 1132 544 1192 ergo
569 1113 677 1174 Strabo
706 1131 775 1172 cum
798 1115 934 1174 evincere
957 1117 1026 1177 not
1048 1135 1109 1176 non
1134 1119 1188 1178 ad-

163 1210 287 1270 modum
323 1212 508 1288 locupletem
543 1213 698 1272 auctorem
729 1211 961 1273 Eratosthenem
998 1231 1064 1274 esse
1095 1215 1188 1276 haec:

164 1303 243 1392 circi
263 1301 489 1391 (Eratostheni)
504 1302 692 1380 nutriciam.
708 1355 715 1370 .
730 1308 822 1386 Βίων,
847 1302 883 1370 όν
902 1327 976 1388 φησι
994 1313 1110 1390 πρῶτον
1130 1307 1186 1373 oiv-

165 1401 240 1466 θινόι
263 1408 432 1486 περιβαλεῖν
456 1405 650 1483 φιλοσοφίαν·
674 1400 738 1466 ἀλλ’
764 1400 844 1484 ὅμως
867 1407 960 1468 εἰπεῖν
982 1404 1021 1468 όν
1044 1431 1109 1469 τινα
1135 1405 1184 1470 ἐπ’

164 1497 258 1564 αὐτοῦ
290 1507 375 1565 τοῦτο
403 1497 484 1582 ὀἴην
516 1501 548 1564 ἐκ
575 1499 690 1583 ῥακίων
718 1496 734 1564 ό
762 1497 856 1564 Βίων’
886 1508 918 1565 et
940 1506 1080 1566 Laertius
1108 1508 1187 1569 haec

163 1600 256 1663 verba
278 1603 498 1680 interpretatus
522 1601 642 1678 scripsit
665 1592 724 1681 (ΠΤ
744 1594 815 1683 52)ε
838 1591 878 1681 ἦν
901 1599 933 1662 δὲ
956 1601 1189 1682 retinemento

163 1695 214 1758 καί
246 1692 341 1772 πολὺς
372 1697 405 1760 ἐν
436 1703 476 1784 τῷ
508 1699 612 1789 μελοίφ
645 1697 841 1776 διαφορῆσαι,
874 1705 1024 1779 φορτικοῖς
1056 1694 1186 1780 ὀνόμασι

165 1790 238 1857 κατὰ
262 1801 321 1858 τῶν
343 1793 523 1876 πραγμάτων
545 1790 706 1876 χριόμενος·
730 1789 780 1856 διὰ
804 1791 842 1875 δὴ
867 1786 977 1858 civeis
999 1793 1089 1859 ποόνιι
1112 1799 1187 1862 εἴδει

166 1898 328 1971 κεκρᾶσθαι
350 1888 441 1973 λόγον
465 1886 522 1974 (sic
542 1886 627 1975 libri)
651 1891 725 1970 φασὶ
742 1891 837 1973 λέγειν
855 1889 901 1954 ἔπ’
923 1889 1015 1957 αὐτοῦ
1033 1891 1085 1958 τὸν
1100 1891 1185 1978 Ἐρα-

61 2037 69 2046 .
163 1989 290 2070 conatae
317 1983 357 2063 ὡς
379 1992 493 2070 πρῶτος
510 1990 592 2051 Βίων
614 1984 669 2070 τὴν
692 1992 874 2068 φιλοσοφίαν
896 1986 1010 2053 ἆνθινόι
1033 1991 1186 2058 ἐνέδυσεν.

164 2089 292 2167 denique
310 2089 342 2162 in
361 2107 479 2148 summa
498 2090 544 2148 rei
557 2089 716 2166 consentit,
736 2106 920 2169 quamquam
936 2090 1183 2168 Theophrastum

235 2280 261 2346 1)
281 2277 366 2334 Velut
384 2295 402 2332 a
421 2277 528 2332 Zellero
547 2277 573 2331 11
593 2282 607 2330 1
627 2295 654 2346 p.
672 2277 738 2331 294⁸
758 2275 821 2332 adn.
840 2281 858 2330 4
877 2279 906 2332 et
919 2275 1100 2336 Duemmlaro
1119 2281 1139 2335 l.
1161 2299 1184 2340 s.

234 2361 261 2427 2)
281 2360 314 2412 ut
331 2360 408 2414 recte
422 2357 562 2412 HiraaIius
576 2358 594 2413 I.
610 2374 631 2410 s.
647 2355 751 2411 collato
766 2356 796 2412 L.
812 2355 845 2410 D.
861 2355 899 2410 IV
915 2361 948 2410 23
964 2357 1183 2418 demonstravit.

234 2439 262 2506 3)
281 2437 374 2493 Laert.
393 2437 437 2492 Di.
456 2437 495 2492 IV
515 2443 557 2491 10.
578 2441 611 2490 47
641 2437 785 2506 (πλείστας
812 2430 946 2506 ἀφορμὰς
969 2435 1102 2500 δεδωκώς
1125 2447 1188 2504 τοῖς

163 2514 345 2586 βουλομένοις
372 2513 611 2582 καθιππάζεσθαι
638 2515 688 2583 τῆς
716 2515 906 2585 φιλοσοφίας).
932 2522 981 2584 533
1010 2517 1097 2586 sub„
1121 2521 1185 2588 flor.

162 2595 264 2650 LXXX
283 2603 312 2662 33
331 2595 377 2652 Pa.
396 2596 547 2650 Metrodor.
567 2595 633 2664 περὶ
652 2592 816 2664 αἰσθήσεων
835 2596 890 2650 vol.
909 2595 1022 2651 Hercul.
1041 2597 1081 2651 VI
1098 2617 1128 2668 p.
1148 2605 1185 2656 29

163 2675 216 2731 οοΙ.
235 2674 300 2742 XV;
326 2673 439 2730 Diocles
463 2674 576 2728 Cnidius
599 2679 697 2730 narrat
721 2676 807 2744 (apud
824 2675 995 2731 Numenium
1017 2677 1047 2730 in
1066 2677 1186 2735 Eusebii

157 2772 255 2824 praep.
275 2771 370 2825 σοακρ.
389 2754 454 2809 XIV
474 2761 498 2825 6,
514 2761 530 2809 5
549 2774 576 2826 p.
592 2753 669 2824 73112)
693 2755 867 2810 Arcesilaum
886 2752 968 2828 φόβῳ
991 2761 1047 2811 τῶν
1068 2759 1186 2814 Erote-

163 2835 247 2903 ρείων
279 2853 309 2890 σε
342 2834 392 2888 καλ
419 2835 526 2897 Βίωνος
557 2835 608 2889 τοῦ
636 2835 774 2902 σοφιστοῦ
803 2829 986 2891 ἐπεισιόντων
1014 2842 1073 2900 τοῖς
1101 2841 1185 2906 φιλο-

161 2915 282 2984 σοφοῦσι
315 2913 364 2968 καλ
392 2909 478 2968 οὐδὲν
504 2909 666 2969 ὀκνούντων
695 2908 752 2968 ἀπὸ
781 2912 890 2977 παντὸς
918 2911 1042 2986 ἐλέγχειν
1069 2917 1184 2974 nullum

164 2995 269 3064 dogma
288 2993 403 3049 effatum
422 3009 492 3048 esse.
1201 3015 1211 3051 x

232 3077 260 3144 4)
280 3074 321 3130 CI.
337 3073 504 3130 Welckerns
521 3072 609 3142 praei.
629 3073 754 3142 Theogn.
770 3092 796 3143 p.
811 3075 964 3131 LXXXVII
979 3078 1008 3131 ot
1021 3094 1049 3145 p.
1063 3075 1126 3130 XCI
1140 3095 1183 3148 sq.

160 3155 219 3232 (cui
246 3155 398 3210 assentitur
421 3153 591 3210 Eritaechius
620 3150 733 3226 proleg.¹
751 3155 781 3209 in
805 3155 919 3212 Lucian.
938 3156 993 3211 vol.
1012 3155 1040 3209 11
1062 3157 1136 3226 part.
1156 3157 1185 3213 II

161 3257 188 3308 p.
203 3235 315 3306 XLIV);
335 3236 474 3293 PrelIeruo
490 3235 583 3290 annal.
594 3235 650 3290 litt.
665 3234 723 3290 Ian.
736 3239 805 3288 1847
819 3253 847 3306 p.
858 3241 923 3300 6223
939 3235 1106 3304 Mainckins,
1120 3239 1185 3294 σι’κ-

161 3319 214 3374 dio.
230 3317 358 3372 Straton.
369 3335 395 3386 p.
407 3322 432 3384 3,
443 3317 585 3387 Itoeperue
595 3313 694 3386 philol.
705 3314 797 3368 XVIII
811 3332 838 3383 p.
848 3320 911 3382 422,
921 3315 1031 3370 Riesius
1042 3334 1069 3385 p.
1081 3321 1113 3370 12
1125 3333 1184 3387 sq.;

161 3411 257 3452 verum
276 3395 389 3450 demum
407 3395 575 3452 invenenant
593 3393 692 3450 eodem
712 3410 785 3448 anno
799 3393 926 3450 Rohdius
942 3395 960 3450 I.
976 3413 997 3448 s.
1013 3395 1042 3449 ct
1056 3393 1183 3452 Gobatus

161 3475 331 3544 Mnemosyn.
355 3492 383 3530 n.
403 3492 455 3530 ser.
473 3476 512 3531 IV
531 3477 623 3545 (1876)
642 3492 670 3544 p.
691 3479 724 3530 82
746 3499 779 3520 =
803 3475 911 3532 miserti.
933 3475 994 3532 crit.
1014 3476 1047 3530 ia
1066 3473 1182 3535 Homer.

161 3561 186 3611 et
204 3555 343 3613 Damoeta.
362 3572 388 3624 p.
410 3560 470 3611 roa.
