2548 4004
498 193 719 258 „69-

161 361 207 420 Aa
245 359 356 436 quibus
393 358 516 420 tandem
546 357 578 417 in
609 357 699 418 rebus
731 357 833 434 posita
864 359 925 418 fuit
954 359 1031 418 mira
1062 359 1117 420 illa

94 475 175 536 quae
195 457 227 516 in
247 475 351 517 eorum
370 455 458 516 dictis
477 455 658 532 scriptisque
676 454 825 534 regnabat
842 449 940 516 πειθώ
954 461 985 517 et
998 455 1064 537 ἴυγξ
1071 449 1117 539 ¹)?

95 555 200 642 omnia
228 555 387 616 exhaurire
414 572 474 614 non
501 557 549 613 est
576 553 667 612 huius
692 553 765 629 loci3
796 553 887 614 mitto
914 554 1011 632 igitur
1037 572 1116 614 com·

93 653 292 730 putationum
319 651 612 729 similitudinumque
640 650 856 728 frequentiam,
888 651 951 710 alia
978 653 1118 712 acumina

96 757 129 810 et
152 750 223 810 duo
256 751 355 810 solum
385 749 565 809 facetiarum
592 767 703 826 genera
731 747 910 825 describam,
943 767 1020 824 quae
1049 768 1117 810 cum

95 868 150 925 per
183 867 215 908 se
243 850 363 925 praeter
390 851 491 906 cetera
518 850 590 906 sunt
617 846 749 924 iusignia
775 850 842 906 tum
870 864 962 923 quam
988 846 1118 908 maxime

99 947 220 1006 faciunt
238 946 276 1006 ad
293 945 326 1005 id
345 944 426 1022 quod
444 962 524 1004 nunc
541 961 707 1021 persequor
722 944 881 1003 'consilium
894 944 1118 1004 illustrandum.

165 1042 272 1121 Cynici
299 1043 395 1120 igitur
420 1041 503 1118 apud
531 1059 606 1118 quor
635 1041 800 1102 laetissime
827 1041 987 1102 Homerica
1015 1042 1118 1102 studia

95 1133 330 1222 effloruerunv)
361 1140 507 1198 familiari
539 1158 609 1199 cunr
635 1139 766 1200 Homero
798 1140 933 1200 amicitia
959 1144 1117 1201 contracta

95 1258 156 1299 non
190 1238 290 1298 solum
322 1256 411 1314 saepe
437 1237 584 1300 Homeri
611 1257 716 1299 versus
743 1238 946 1300 laudaverunt
973 1241 1004 1296 et
1030 1256 1117 1298 usur·

95 1328 296 1417 paverunt³),
328 1355 434 1396 verum
462 1337 555 1395 etiam
577 1336 772 1412 perlubentar
793 1335 929 1394 ridiculis
952 1333 1117 1411 parodiis

96 1434 291 1494 detorserunt
320 1433 352 1494 iu
380 1433 537 1493 scribendo
565 1452 660 1510 aeque
688 1437 780 1511 atque
810 1432 842 1491 in
865 1432 999 1493 dicendo.
1045 1432 1116 1492 Dio·

97 1550 191 1610 genes
223 1531 304 1590 enim
335 1532 503 1591 formosum
535 1531 754 1591 adolescentem
782 1549 872 1606 quem
898 1529 1117 1590 incustoditum

97 1629 336 1690 obdormientem
360 1630 516 1707 conspexit
537 1629 584 1688 his
603 1628 703 1690 verbis
726 1628 929 1704 expergefecit
951 1619 998 1709 (L.
1018 1629 1054 1686 D.
1072 1627 1118 1686 VI

91 1719 172 1818 ,53):
207 1721 309 1806 ‘surge
332 1720 373 1804 μή
399 1726 441 1798 τίς
465 1743 512 1788 σοι
534 1721 652 1787 εὕδοντι
675 1721 845 1809 μεταφρένῳ
868 1722 902 1785 ἒν
924 1718 998 1804 δόρυ
1022 1717 1118 1807 (quod

96 1825 246 1886 obscoene
272 1816 363 1906 dixit)
385 1818 477 1905 oqfiq’
502 1815 553 1905 (cf.
577 1824 612 1884 Il.
643 1823 669 1884 Θ
700 1825 740 1884 96
770 1817 811 1902 μή
836 1822 879 1895 τίς
905 1843 949 1884 τοι
977 1815 1118 1902 φεύγοιεν

99 1918 273 2004 μεταφρένῳ
306 1919 339 1982 ἐν
372 1915 446 1998 δόρυ
478 1913 587 2003 surim
620 1925 651 1981 et
682 1922 710 1982 ei
743 1922 796 2000 qui
827 1920 961 1998 pretiosa
993 1920 1118 1997 opsonia

98 2024 214 2080 emeret
237 2019 314 2079 dixit
336 2012 384 2100 (L.
403 2019 439 2078 D.
459 2019 478 2078 l.
498 2011 550 2100 s.):
574 2012 740 2098 ‘oiadpopoc
764 2012 803 2096 δή
826 2041 885 2097 μοι,
907 2014 1000 2094 τέκος,
1022 2015 1118 2078 ἔσσεαι

96 2111 139 2179 οἷ’
160 2111 325 2198 ἇμοροὶζεις’
349 2110 401 2198 (cf.
421 2117 457 2176 Il.
476 2119 507 2174 Σ
523 2119 564 2177 95
590 2109 743 2196 ὠκύμορος
767 2110 806 2195 δή
825 2139 884 2193 μοι,
907 2113 999 2191 τέκος,
1022 2113 1118 2176 ἔσεται

95 2208 138 2278 οἷ’
162 2207 340 2296 ἀγορεύεις).
387 2213 491 2274 Crates
522 2234 594 2275 vero
623 2206 670 2295 (L.
698 2214 735 2273 D.
758 2215 802 2273 VI
830 2205 888 2294 90)
916 2213 1026 2274 Thebis
1054 2213 1117 2275 sire

14 2355 15 2404 q
95 2311 239 2372 Corinthi
269 2330 289 2370 a
321 2312 456 2389 principe
490 2313 641 2391 gymnasii
672 2312 776 2390 flagris
808 2329 913 2371 caesus
945 2329 1014 2370 cum
1042 2308 1118 2386 pede

14 2419 15 2424 ’
97 2411 273 2470 traheretur
291 2409 381 2469 dixit:
407 2403 481 2469 ‘iius
499 2403 592 2481 ποδὸς
611 2403 737 2491 carycis
756 2403 805 2470 διὰ
824 2409 917 2487 βηλοῦ
936 2400 1117 2468 θεοτεοίοιο’

99 2509 154 2588 (cf.
173 2509 209 2568 11.
229 2511 259 2567 A
278 2510 341 2570 591
368 2507 437 2588 ῥῖψε
460 2501 554 2580 ποδὸς
576 2501 703 2588 τεταγὼν
727 2500 787 2569 ini
810 2508 904 2586 βηλοῦ
924 2497 1117 2586 θεσπεσίοιο).

97 2605 177 2664 Item
202 2603 308 2664 Crates
335 2609 367 2664 at
388 2604 467 2664 Bion
490 2605 631 2680 parodias
653 2605 830 2665 Homericas
857 2603 1060 2664 adhibuerunt
1087 2602 1118 2660 in

95 2703 254 2762 nonnullis
278 2701 314 2762 de
339 2702 450 2778 quihus
472 2702 553 2760 infru
576 2703 747 2780 disputabo.

126 2799 133 2811 '
165 2799 367 2859 Parodiarum
390 2799 544 2877 singulare
569 2800 720 2877 quoddam
743 2819 839 2879 genus
860 2801 909 2862 vel
927 2803 1006 2859 certe
1025 2799 1118 2858 dictio

96 2897 242 2975 paradise
270 2896 426 2956 simillima
454 2897 592 2969 habenda
620 2903 668 2958 est
694 2899 804 2959 festiva
826 2897 950 2958 Homeri
975 2913 1118 2957 versuum

97 2994 321 3071 accomodata,
354 3013 415 3072 qua
442 2995 535 3056 verba
562 2997 646 3056 aliud
673 3014 797 3072 prorsus
825 2994 899 3072 quid
922 3011 1013 3072 quarn
1037 2993 1118 3070 quod

173 3185 200 3250 1)
220 3179 262 3234 Cf.
282 3180 313 3236 L.
331 3181 364 3236 D.
384 3179 422 3235 VI
442 3187 484 3237 75.
504 3189 546 3238 ts.
568 3188 609 3238 14.

171 3263 200 3330 ν)
216 3257 257 3313 Cf.
273 3259 507 3330 Sengebuschius,
524 3263 589 3318 diss.
606 3262 716 3317 Homer.
730 3261 744 3314 Ι
757 3279 784 3331 p.
798 3264 950 3328 llo-1183
972 3259 1119 3331 Vsenerus,

97 3345 202 3409 ραοτετ.
213 3338 346 3394 Ararim.
357 3357 384 3410 p.
397 3345 517 3409 14-183
536 3339 745 3409 Duemrnlarus‚
764 3340 956 3396 Antistheaicc
969 3357 996 3411 p.
1010 3345 1043 3396 1⁶
1058 3357 1118 3412 sqq.

172 3422 200 3486 a)
219 3417 260 3474 cr.
279 3417 309 3471 L.
330 3417 362 3478 1).
382 3417 422 3474 vi
442 3427 475 3476 sa
496 3420 587 3491 (Hom.
607 3424 634 3475 s
651 3425 728 3491 843);
757 3420 796 3474 vl
819 3427 853 3476 er
874 3423 903 3490 (a
924 3423 1001 3493 resp
1027 3421 1066 3478 vl
1084 3426 1117 3475 aa

97 3499 138 3564 (Γ
148 3499 208 3566 ss);
227 3496 266 3551 vl
285 3503 320 3553 as
335 3501 375 3563 (Σ
387 3501 463 3570 serp
478 3499 517 3555 VI
533 3505 584 3556 roe
600 3502 629 3570 (a
643 3501 719 3569 aaa);
734 3499 773 3556 lv
786 3505 821 3556 rr
838 3503 871 3572 (z
885 3503 961 3572 211);
978 3499 1117 3569 sabim..

95 3579 164 3634 din.
182 3577 280 3648 Epio.
300 3577 339 3632 ΙΙΙ
360 3583 394 3634 22
414 3582 447 3648 (B
467 3582 522 3651 25).
