2548 4004
547 1 616 11 πῂ

428 218 730 288 .-9-

113 383 265 443 memoria
289 401 366 461 quae
389 383 428 442 ad
449 400 505 442 nos
529 381 566 440 dc
585 382 710 442 Timone
733 383 872 460 pervenit
889 383 986 443 fluxit.
1019 401 1055 442 ex
1073 383 1138 442 solo

114 480 201 540 enim
227 479 383 558 Antigono
411 477 577 540 Aristocles
605 480 825 556 Peripateticus
856 481 1057 558 scepticorum
1086 480 1138 540 ad·

114 578 274 639 versarius
296 577 459 666 acerrimus
477 569 600 658 petiitl)
623 596 702 654 quae
720 579 752 636 in
770 579 856 639 libris
875 576 941 656 περὶ
958 577 1138 656 φιλοσοφίας

114 675 253 753 maligne
282 675 314 734 in
341 693 432 734 usum
459 693 549 734 suum
575 692 721 736 conversa
749 676 786 735 de
815 675 949 736 Timonis
976 676 1042 738 vita
1069 695 1138 753 pro·

78 781 82 790 '
117 773 198 834 tulit
221 765 319 855 (apud
340 772 540 833 Eusebium
556 789 661 847 praep¹
685 789 784 848 σνοιεο.
805 773 877 833 XIV
900 791 924 833 c.
946 774 986 834 18
1011 775 1050 834 ad
1072 793 1138 835 ver·

115 871 195 930 bum
207 863 380 955 descripta).
404 875 535 948 utroque
550 887 621 931 vero
632 862 801 951 (Antigono
816 875 848 931 et
860 862 999 952 Sotione)
1014 875 1138 931 auctore

114 987 195 1028 usus
218 971 265 1028 est
282 967 481 1046 Apollonides
498 968 674 1027 Nicaeensis
698 969 752 1046 qui
774 969 806 1027 in
829 968 968 1028 silletum
988 985 1138 1028 commen·

114 1057 225 1147 cerie)
257 1063 335 1124 libro
362 1065 461 1141 primo
490 1062 624 1124 Timonis
651 1065 748 1126 vitam
776 1071 807 1126 et
835 1067 948 1144 scripta
976 1067 1138 1144 enarravit,

116 1162 192 1222 dein
209 1162 343 1222 breviter
361 1162 499 1222 sillorum
517 1167 731 1240 argumentum
749 1163 923 1242 delineavit,
942 1182 1020 1241 quae
1037 1164 1138 1223 omnia

115 1260 299 1338 compilavit
315 1259 488 1321 Laertius
506 1259 690 1337 Diogenes
713 1261 745 1320 iu
765 1262 927 1323 Timoneae
946 1261 1028 1323 vitae
1050 1265 1138 1339 parte

114 1359 221 1437 priore
249 1349 307 1439 (IX
333 1360 514 1419 109—112
539 1350 621 1439 init.)
649 1376 728 1435 quae
754 1360 787 1418 in
815 1360 922 1420 mortis
953 1359 1138 1419 mentionem

115 1448 227 1537 exit⁸).
264 1453 356 1516 huius
379 1455 562 1516 uenationis
585 1457 798 1533 supplementa
821 1458 970 1536 quaedam
987 1458 1139 1536 Diogenes

114 1551 246 1630 addidit,
270 1571 400 1631 quorum
420 1553 524 1629 priora
546 1553 616 1614 iude
640 1572 658 1614 a
680 1551 780 1617 ve'rbis
800 1553 820 1632 ἓ
841 1557 903 1616 112
925 1548 941 1617 ὁ
960 1549 991 1615 δ’
1013 1544 1069 1617 οὖν
1087 1578 1139 1633 φι-

115 1645 251 1728 λόσοφος
268 1641 360 1734 aelf)
378 1670 476 1730 usque
496 1651 534 1712 ad
553 1650 573 1728 ξ
593 1655 656 1714 114
674 1653 752 1714 med.
772 1645 939 1736 (συνῆλθεν
951 1645 1091 1734 Ἀτταγᾶς
1108 1674 1138 1713 τε

114 1745 169 1810 aui
183 1742 374 1830 Νουμήνιος)
394 1751 573 1811 continuata
591 1751 665 1810 item
683 1770 720 1812 ex
734 1750 889 1829 Antigono
905 1749 1044 1829 Carystio
1063 1752 1137 1810 hau·

116 1848 174 1926 sit,
195 1848 293 1907 altera
310 1847 411 1908 verbis
430 1845 450 1924 ἓ
468 1851 530 1908 114
548 1850 626 1909 med.
646 1843 747 1911 alcides
770 1844 803 1908 δὲ
820 1845 871 1909 noi
888 1848 1002 1920 παίζειν
1019 1850 1139 1909 τοιαῦτα

115 1944 246 2006 inducta
269 1944 344 2024 alie,
366 1945 566 2022 probabiliter
589 1947 628 2007 ad
647 1947 802 2008 Sotionem
820 1939 1051 2030 revocaveris⁶).
1084 1945 1138 2008 Ce-

194 2099 221 2166 1)
241 2093 281 2152 cf.
301 2095 534 2153 Wilamovitnias
553 2115 581 2170 p.
601 2103 635 2156 el
651 2117 691 2169 aq.

194 2180 222 2246 2)
241 2175 333 2233 insert.
352 2173 435 2248 Dieg.
454 2179 494 2233 ix
513 2185 577 2247 1093
597 2179 662 2235 vide
680 2179 763 2235 infra.

190 2259 220 2327 8)
240 2255 281 2314 Gi.
296 2256 530 2314 Wilamovitaius
543 2276 571 2330 p.
586 2265 619 2315 el
630 2277 685 2330 sq.;
703 2258 733 2314 in
752 2258 807 2314 flue
826 2259 909 2314 huius
928 2257 1030 2329 prioris
1050 2258 1139 2328 partis

117 2335 264 2407 Diogenes
282 2335 317 2391 de
331 2352 383 2393 auo
396 2337 508 2394 addidit
524 2337 690 2393 memoriam
708 2338 924 2394 reconditiorem
943 2337 1084 2408 quandem
1102 2337 1138 2392 de

116 2417 241 2473 Timone
264 2417 343 2474 lusco
365 2419 397 2473 et
415 2415 538 2498 Oyolope
556 2413 624 2490 (1νῶ
644 2415 764 2489 isocen)
788 2422 818 2474 et
835 2419 920 2489 plane
938 2416 1084 2487 vulgarem
1103 2416 1138 2473 de

117 2497 295 2568 homonyme
313 2497 517 2569 misanthropo.

191 2579 220 2648 4)
244 2575 382 2633 Similiter
404 2578 498 2634 verbis
524 2573 589 2633 ὁδ’
610 2567 662 2633 οὖν
685 2577 844 2648 φιλόσοφος
866 2579 932 2650 post
953 2577 1138 2649 homonymos

118 2657 302 2713 enumeratos
322 2657 359 2712 ad
377 2657 471 2729 ipsum
488 2657 568 2714 cuiue
585 2658 646 2714 vita
668 2660 808 2714 metatur
828 2658 1029 2729 philosophum
1047 2673 1140 2713 rever·
1230 2677 1236 2688 ·

114 2733 190 2794 ear
208 2737 338 2792 Laertius
356 2736 409 2794 Vll
428 2742 488 2794 181.
516 2751 665 2808 perperam
682 2753 750 2794 vero
769 2738 839 2794 haee
857 2737 894 2792 ad
912 2737 1138 2808 misanthropum

116 2815 225 2872 referre
252 2813 403 2871 voluerunt
429 2814 578 2871 Habuerus
605 2819 635 2873 et
656 2817 771 2874 Roaaim
795 2820 908 2886 (comm.
922 2817 1025 2873 ’111011
1044 2822 1059 2883 e
1078 2821 1137 2888 88);

116 2909 212 2964 neque
230 2895 334 2951 reot'us
353 2895 506 2967 Koeplriua
523 2897 557 2952 de
570 2897 712 2968 Antigono
732 2897 795 2954 Gar.
813 2903 891 2969 1141
908 2913 961 2968 pro
981 2893 1138 2966 φιλόσοφος

118 2973 244 3032 coniecit
263 2972 402 3039 Φλιάσιος.

193 3057 221 3124 t)
240 3053 332 3111 Aliter
348 3055 457 3111 iudicat
474 3055 708 3113 Wilamoevitaius
726 3075 753 3129 p.
772 3064 819 3126 31,
844 3058 893 3126 qui
916 3055 1036 3113 alteram
1058 3071 1139 3127 para·

117 3135 225 3208 paphi
244 3140 297 3190 114
319 3135 431 3204 partem
453 3136 529 3205 (inde
552 3137 681 3192 averbis
703 3137 818 3208 συνεχές
835 3155 865 3192 τι
886 3132 1027 3206 indigem
1050 3150 1139 3208 usque

118 3216 158 3272 ad
171 3212 265 3287 ὑγιής)
282 3215 395 3272 illatam
409 3231 471 3272 esee
485 3217 588 3273 statuit
601 3233 636 3274 ex
649 3217 705 3274 alio
720 3234 809 3288 eoque
823 3217 949 3288 soeptieo
967 3216 1054 3288 lente,
1073 3215 1139 3273 reli·

118 3311 178 3366 qua
205 3295 302 3352 omnia
326 3295 470 3367 Antigono
498 3297 668 3367 adsignavit.
705 3297 754 3353 sed
781 3295 894 3368 gravim
922 3295 1035 3353 unicum
1062 3297 1139 3367 quod

118 3373 222 3432 attulit
248 3377 446 3446 argumentum
469 3391 487 3430 a
509 3376 648 3433 Numerio
672 3375 835 3446 Pyrrhouao
862 3375 985 3448 petitum
1011 3377 1140 3433 manavit
1181 3401 1185 3408 ·

117 3471 155 3512 ex
173 3470 267 3512 errore
285 3454 421 3525 quodam,
447 3473 531 3526 quem
553 3457 629 3511 infra
649 3453 844 3512 refutavimus.
881 3459 1028 3513 utcontra
1045 3457 1139 3512 verbis

117 3535 150 3592 iu
169 3537 329 3602 0111011105
350 3536 521 3606 1141011111
541 3533 663 3592 ιίιίθει
684 3537 771 3606 (quod
789 3539 968 3607 praepostere
986 3535 1139 3607 repetitum

118 3633 155 3674 ex
168 3614 355 3672 antecedente
371 3611 512 3687 ἐπιλέγειν
523 3613 634 3686 siritu)
644 3613 677 3672 di
687 3615 737 3672 uui
748 3619 860 3682 παίζειν
873 3617 1018 3671 τοιαῦτα
1031 3618 1139 3686 aperte,
