2542 3996
544 222 581 232 -—
615 186 695 276 Ι202
744 222 781 230 -
979 208 1084 252 morus
1098 210 1181 252 nur
1256 209 1257 222 ¹

154 342 311 434 (δδελφεα)
331 369 405 412 esse.
432 349 513 410 idem
531 351 653 411 videtur
666 351 853 428 peculiarem
866 346 933 428 περὶ
947 344 1048 410 αὐλῶν
1060 351 1183 412 librum
1256 339 1257 350 ¹

154 450 356 528 composuisse
380 441 505 529 (Athen.
529 448 573 508 IV
595 470 624 526 p.
651 441 756 529 184⁰),
791 467 883 527 quem
914 450 1017 508 tamen
1050 449 1183 527 quidam

155 551 318 611 voluerunt
337 548 377 607 ad
389 547 608 625 Mytilenaeum
626 546 836 624 cognominem
856 537 970 627 (quode
989 546 1058 607 vide
1074 547 1183 609 Laert.

154 645 329 725 Diog.VIIl
345 638 400 726 82)
415 644 535 704 referre.
562 647 636 705 utut
654 648 709 721 est,
728 644 939 722 Pythagoreus
961 676 998 684 —
1023 644 1128 722 quoad
1144 664 1184 704 ex
1257 675 1258 678 ¹

155 743 323 806 Ptolemaei
347 747 378 804 et
395 742 558 820 Porphyrii
579 742 762 804 testimoniis
781 742 910 804 iudicari
927 745 1029 818 potest
1051 775 1090 784 —
1114 743 1183 821 egit

155 843 348 921 potissimum
371 839 407 900 de
431 840 619 900 diastematis
643 831 690 922 (iu
712 838 840 899 Ptolem.
859 838 875 897 I
895 841 913 899 5
934 861 962 917 p.
984 831 1073 920 267),
1100 858 1183 917 quae

157 942 218 1002 tria
237 939 363 1018 agnovit
381 931 567 1017 ἐναρμόνιον,
586 930 779 1016 χρωματικόν,
799 931 968 998 διατονιιιόν
986 929 1079 1018 (Ptol.
1100 937 1117 995 I
1138 940 1182 996 12

156 1061 184 1117 p.
205 1042 246 1100 32
267 1042 298 1098 et
317 1038 348 1096 in
366 1036 493 1096 Ptolem.
512 1035 527 1094 I
550 1038 590 1094 12
610 1057 639 1112 p.
660 1037 738 1111 3103
762 1035 868 1095 Boeth.
888 1036 907 1094 l.
927 1027 979 1118 s.):
1003 1039 1034 1095 et
1057 1036 1186 1095 studuit

157 1136 349 1214 potissimum
376 1128 407 1195 τὸ
435 1127 508 1193 κατὰ
535 1123 588 1192 τὸν
615 1127 704 1214 λόγον
726 1126 901 1193 άιιόλουθον
925 1126 1093 1209 διασάζειν,
1123 1126 1184 1193 οὐκ

158 1232 191 1294 ἐν
223 1237 285 1304 ταῖς
315 1229 503 1310 συμφωνίαις
533 1223 628 1307 μόνον
658 1224 731 1290 decl
762 1227 811 1290 eal
842 1232 902 1291 τῶν
929 1222 1182 1309 τετραχόρδων

159 1328 334 1409 διαιρέσεσιν
366 1322 409 1400 ὥς
440 1327 558 1400 οἰκείοις
586 1330 622 1412 τῇ
652 1321 742 1405 φάσει
768 1330 827 1388 τῶν
854 1325 986 1406 ἐμμελῶν
1013 1322 1098 1401 ὄντος
1127 1332 1184 1389 τοῦ

160 1425 324 1506 συμμέτρου
342 1427 401 1486 τῶν
419 1418 574 1504 ὑπεροχῶν
593 1418 686 1506 (Ptol.
705 1427 721 1486 I
743 1429 781 1486 12
801 1448 830 1504 p.
846 1427 886 1485 31
909 1430 940 1486 et
957 1426 989 1484 in
1006 1426 1085 1486 Ptol.
1101 1427 1118 1485 I
1142 1429 1182 1486 12

157 1548 187 1604 p.
212 1517 307 1605 313):
335 1523 366 1584 in
395 1542 456 1602 qua
483 1524 621 1584 doctrina
649 1523 838 1601 explananda
866 1525 971 1586 multis
1001 1523 1037 1583 de
1059 1524 1183 1584 ratione

160 1642 238 1702 quae
260 1623 340 1682 inter
362 1613 491 1700 ὑπάτην,
514 1615 708 1700 παρυπάτην,
731 1615 921 1700 παρανήτην,
943 1615 1038 1700 νη’την
1061 1620 1185 1700 reliqua

159 1721 359 1783 intercederet
383 1718 534 1780 disseruit.
580 1719 649 1779 inde
675 1719 771 1797 igitur
793 1719 909 1779 fectum
930 1722 968 1778 ut
990 1721 1042 1796 τῆς
1064 1711 1184 1797 ὑπάτης
1260 1725 1261 1736 ’

161 1817 258 1899 ἔριδος
281 1811 484 1897 ἐμπειρότατος
507 1815 605 1876 dictus
629 1817 670 1877 sit
693 1817 839 1880 aBione:
862 1817 945 1878 varie
969 1817 1049 1877 enim
1072 1817 1109 1878 de
1135 1819 1183 1878 his

160 1917 241 1976 inter
277 1915 421 1992 musicae,
462 1913 631 1992 Archytam
666 1913 869 1991 potissimum
897 1920 928 1976 et
963 1914 1184 1980 Aristoxenum

160 2013 376 2089 disputabatur
402 2004 453 2092 (cf.
477 2011 625 2072 Boethius
648 2014 667 2071 l.
692 2031 715 2073 s.
738 2012 767 2070 V
793 2005 947 2094 16-18).
994 2032 1185 2092 quamquam

161 2110 235 2172 haec
259 2129 380 2188 quoque
406 2141 444 2151 -
470 2113 506 2169 ut
528 2114 609 2172 recte
632 2110 782 2174 intellexit
805 2111 930 2172 Roscius
954 2129 1060 2170 comm.
1080 2110 1184 2172 Laert.

161 2230 190 2286 p.
206 2210 247 2271 82
271 2241 308 2250 -
331 2207 471 2286 ambigue
495 2207 627 2268 innuunt
650 2227 720 2269 eum
743 2226 929 2270 summeium
947 2209 1084 2268 rixarum
1102 2207 1189 2284 peri·.

163 2307 315 2372 tissimum
338 2306 440 2366 fuisse.

230 2404 371 2466 Ceterum
397 2404 447 2466 vel
474 2405 531 2464 hoe
558 2402 736 2467 brevissimo
762 2404 933 2482 fragmento
958 2403 1109 2464 evincitur
1132 2403 1182 2464 rl'i·

163 2520 251 2561 mone
279 2521 339 2562 non
367 2501 467 2561 minus
496 2501 642 2564 audacem
664 2501 826 2564 verborum
848 2501 1063 2561 subnecterem
1085 2502 1182 2562 finisse

163 2598 303 2659 Bionem:
337 2592 514 2676 ὀλβιότυφος
540 2599 616 2659 bene
639 2600 755 2661 fectum
779 2599 886 2660 estad
908 2615 1047 2658 normam
1070 2597 1184 2659 Home-

163 2696 220 2756 rici
260 2689 460 2775 ὀλβιοδαίμον
506 2687 557 2777 (ut
592 2696 720 2774 Amphis
759 2697 932 2758 helluonem
968 2688 1207 2775 δλβιοηάστορα·

165 2787 270 2876 dixit);
294 2793 346 2854 sed
364 2788 552 2875 ψαλληγενής
570 2795 609 2858 ad
627 2796 799 2872 exemplum
817 2793 902 2856 verbi
920 2785 1101 2872 μοιρηγενής
1120 2785 1185 2875 (vel

165 2882 353 2971 μελιηγενης,
378 2893 414 2951 ut
437 2894 483 2950 est
506 2891 588 2968 apud
610 2892 807 2969 Apollonium
829 2883 996 2972 Rhodium)
1020 2890 1187 2952 infeliciter

165 2995 312 3052 novatum
343 2994 379 3051 ut
411 2988 633 3068 significaretur
667 2990 756 3050 homo
789 2989 828 3050 ad
859 2989 1052 3065 psallendum
1083 2993 1186 3050 natus.

166 3089 300 3170 videtur,
313 3107 385 3150 vero
413 3087 460 3147 his
488 3087 631 3165 epithetis
655 3089 762 3148 acerbe
785 3087 950 3166 perstringi
971 3088 1062 3148 homo
1086 3087 1186 3163 philo-

166 3187 279 3265 sophus
298 3187 334 3245 de
354 3184 444 3250 rebus
464 3186 650 3264 gravissimis
664 3185 895 3261 mathematicis,
914 3184 1057 3262 physicis,
1077 3185 1186 3245 ethicis

167 3284 339 3362 dogmatica
371 3284 533 3346 securitate
566 3274 774 3366 (ὀλβιότυφος)
791 3283 964 3360 disserens,
996 3299 1066 3342 cum
1093 3285 1186 3342 natus

166 3383 329 3459 factusque
357 3382 397 3442 sit
427 3381 465 3440 ad
497 3381 643 3442 musicem
670 3380 877 3457 exercendam,
911 3378 964 3438 sed
991 3397 1188 3456 nequaquam

167 3478 206 3543 ad
228 3497 330 3540 rerum
352 3479 513 3541 veritatem
536 3477 786 3556 investigandam.
960 3473 967 3486 “

577 3649 775 3678 -οθο-
