2544 3998
81 212 155 254 rnv
484 228 526 237 —
573 193 616 256 99
663 227 705 236 -

83 353 155 414 oinio
185 357 253 414 tam
285 355 407 434 egregie
436 355 596 416 defunctus
625 358 683 434 est,
714 360 752 416 ut
779 357 818 416 ab
844 357 1011 421 Aristotele
1038 351 1101 442 (ap.

81 450 154 511 Sext.
169 452 262 529 Emp.
283 451 352 512 adr.
368 452 466 531 dogm.
480 454 497 514 I
513 458 546 531 73
564 454 666 515 Laert.
679 453 756 512 VIII
771 457 826 530 δίς
844 455 888 514 IX
902 449 961 538 25)
981 457 1102 520 audiret

78 541 204 628 ἀρχηγὸς
226 549 415 628 dialecticae,
438 551 520 628 apud
540 550 689 612 Galerium
707 552 777 611 bist.
795 552 870 629 phil.
886 555 905 613 3
926 545 970 635 (p.
986 558 1059 634 601,
1080 560 1098 617 8

77 639 180 730 Diels.)
206 645 364 727 ἐριστικῆς.
399 649 477 709 hanc
500 649 597 728 igitur
616 642 784 729 ἐλεγκτικὴν
802 646 852 708 καὶ
871 644 910 709 δι’
932 645 1098 732 ἀντιλογίας

76 745 310 807 κατακλείουσαν
323 744 365 818 είς
378 739 507 826 ἀπορίαν
521 742 582 819 ἕξιν
598 739 649 829 (ut
664 747 709 807 ait
722 746 906 808 Plutarchus
920 748 974 810 la.
986 741 1023 830 s.)
1039 769 1100 826 qua

75 859 144 904 usus
173 842 299 904 solebat
326 843 414 921 quasi
441 845 473 903 in
500 847 805 922 utramquepartem
829 845 986 922 disputare
1009 845 1099 907 deno-

75 941 152 1001 tarit
185 940 300 1001 'Ib'mon
332 941 424 1002 verbo
455 945 567 1002 novato
600 931 888 1023 ἇμφοιερόγίασσος.
935 944 1031 1002 altera
1064 963 1099 1004 ex

74 1043 159 1113 parte
192 1039 372 1100 testimonio
404 1039 581 1100 Aristotelis
614 1043 734 1108 constat
764 1041 797 1101 in
829 1040 942 1119 scripto
971 1041 1098 1104 Zenonis

74 1137 222 1215 quodam,
252 1137 316 1198 sire
345 1157 442 1198 unum
469 1139 569 1198 solum
596 1138 718 1214 scripsit
735 1139 808 1220 ,sive
836 1137 896 1198 dua
923 1139 973 1198 vel
999 1140 1099 1218 plura,

75 1231 330 1312 disceptationem
347 1254 402 1311 per
419 1235 693 1314 interrogationum
711 1237 743 1295 et
755 1252 969 1312 responsorum
982 1234 1098 1295 vicissi-

74 1331 196 1392 tudines
220 1331 403 1409 productam
423 1351 501 1394 esse:
524 1333 605 1392 unde
623 1332 745 1393 videtur
762 1334 878 1392 factum
896 1350 960 1392 esse
977 1335 1015 1392 ut
1032 1333 1097 1410 ipse

77 1429 221 1490 inventor
244 1430 360 1510 dialogi
383 1449 402 1490 a
424 1431 606 1508 quibusdam
629 1429 711 1508 apud
728 1430 886 1490 Laertium
903 1430 950 1490 III
969 1433 1010 1490 47
1030 1449 1097 1508 per-

73 1525 232 1588 hiberetur
264 1519 317 1609 (cf.
337 1527 518 1589 Sintenisius
544 1528 583 1588 ad
605 1526 687 1587 Plut.
705 1527 811 1586 Pericl.
829 1546 859 1603 p.
880 1530 936 1606 743
962 1528 1097 1605 Rossius,

73 1641 179 1684 comm
190 1625 293 1686 Laert.
308 1646 337 1703 p.
353 1628 415 1686 192
431 1616 499 1707 sq.).
530 1627 605 1685 utut
618 1628 673 1702 est,
687 1616 966 1703 ἆμφοτερόγίωσσος
979 1627 1097 1701 spectat

73 1723 166 1786 etiam
192 1723 233 1782 ad
256 1724 449 1802 scriptorem,
476 1723 530 1800 qui
553 1721 711 1782 ambarum
732 1739 930 1798 personarum
953 1740 1029 1797 quas
1051 1723 1095 1781 lo-

75 1825 204 1896 quentes
223 1821 299 1882 facit
317 1839 453 1882 sermone
472 1820 573 1881 utitur
590 1821 648 1899 rel,
666 1823 703 1880 ut
721 1837 791 1880 cum
804 1819 957 1897 Appuleio
976 1819 1095 1897 apolog.

74 1919 92 1974 4
111 1939 140 1994 p.
163 1922 192 1996 7,
209 1919 228 1977 8
248 1918 362 1997 Krueg.
386 1919 505 1996 loquar,
529 1918 584 1995 qui
607 1910 732 1992 ‘premas
754 1920 883 1978 οιιικίνκι
901 1918 1095 1978 sollairbstmo

75 2017 202 2089 artificio
226 2007 400 2096 (orationem
423 2015 473 2075 hic
496 2007 605 2096 addas)
629 2016 820 2089 ambifariam
842 2009 991 2076 ἁίεεοίνίί.

138 2112 259 2172 Deinde
281 2106 403 2173 πάντων
426 2107 590 2192 έκιλήιιιωρ
613 2112 726 2172 dicitur
750 2113 842 2190 Zeno,
866 2129 936 2172 oum
958 2112 990 2171 id
1013 2114 1095 2190 quod

72 2211 165 2289 vulgo
180 2228 285 2272 omnes
298 2211 562 2286 persuasissimum
576 2211 697 2289 babent,
714 2212 827 2271 multas
842 2227 908 2270 esse
920 2227 968 2270 res
983 2227 1093 2288 easque

71 2308 199 2386 moveri,
223 2307 366 2390 acerrIme
390 2307 625 2386 impugnaverit.

136 2405 257 2465 Rursus
289 2401 363 2485 μέγα
393 2401 502 2477 σθένος
529 2398 585 2466 οὐκ
612 2397 788 2466 ἀλαπαδνόν
816 2422 876 2464 nou
904 2403 968 2464 sine
996 2404 1095 2464 ironia

72 2506 256 2579 usurpatum
279 2505 335 2580 eat,
359 2521 437 2581 quae
456 2503 505 2564 vel
524 2501 612 2578 ineo
631 2503 710 2562 latet
727 2501 809 2580 quod
827 2501 910 2580 apud
927 2501 1093 2563 Homerum

75 2597 184 2672 σθένος
209 2592 265 2658 οὐκ
283 2591 328 2659 αἰί.
365 2600 464 2659 solum
487 2599 524 2660 de
546 2599 715 2660 bestiarum
738 2631 780 2640 —
804 2618 948 2676 aprorum
970 2604 1002 2661 et
1024 2605 1092 2660 tau·

73 2714 177 2756 rorum
202 2725 245 2736 —
269 2713 394 2772 corpore
423 2695 548 2757 robusto
576 2697 700 2775 dicitur,
729 2715 800 2757 nam
823 2699 944 2758 constat
965 2697 1041 2757 mibi
1066 2697 1092 2758 Θ

72 2795 135 2856 465
163 2785 233 2874 (ubi
255 2794 336 2852 male
358 2811 439 2853 nuno
462 2791 571 2868 σθένος
593 2789 648 2856 οὐκ
671 2787 844 2855 ἀλαπαδνόν
868 2795 906 2856 ad
923 2795 1028 2856 Iovem
1045 2813 1091 2854 re-

70 2891 170 2951 latum
193 2882 323 2972 legitur)
345 2891 462 2969 pariter
485 2910 520 2952 ac
541 2892 567 2953 Θ
587 2894 628 2953 32
649 2891 831 2970 scripturam
854 2895 904 2952 σθ.
929 2884 993 2952 οὐκ
1016 2887 1090 2950 έκι-

69 2981 190 3050 εικιόν
223 2992 256 3048 et
282 2987 455 3066 antiquitus
482 2988 629 3050 traditam
656 2993 688 3049 et
715 3005 818 3050 veram
841 3005 913 3047 esse.
958 2985 1090 3065 primum

68 3103 139 3146 raro
155 3078 271 3164 εὐμήκη
287 3085 436 3146 Zenonem
449 3085 543 3146 fuisse
557 3085 647 3148 Plato
661 3086 798 3147 Parmen.
807 3105 836 3161 p.
848 3077 932 3144 127Β
949 3086 1088 3154 testatur.

68 3183 138 3244 dein
161 3202 218 3261 per
235 3183 431 3244 memorabile
454 3188 501 3244 est
523 3184 605 3263 quod
626 3176 658 3245 τὸ
682 3186 733 3245 κοῦ
752 3179 962 3260 Χαλκηδονίσο
981 3175 1090 3255 σθένος

68 3279 157 3342 Plato
177 3281 286 3344 festive
304 3281 336 3340 in
354 3300 387 3342 re
405 3281 561 3342 simillima
580 3279 720 3341 adhibuit
736 3278 863 3340 Phaedr.
883 3299 912 3356 p.
928 3270 1010 3340 267⁰
1029 3274 1089 3340 τῶν

68 3399 99 3458 γε
127 3373 190 3458 μὴν
213 3372 394 3460 οίκιρογόιιν
416 3375 465 3441 aa
487 3381 579 3460 γῆρας
601 3375 651 3439 καί
673 3377 780 3439 πενίαν
802 3371 968 3456 ἑλκομένων
990 3369 1089 3458 λόγον

68 3473 277 3556 κεκρατηκέναι
295 3473 380 3560 τέχνῃ
399 3499 449 3558 μοι
468 3469 654 3556 φαίνεταιτὸ
671 3475 724 3538 κοῦ
738 3473 950 3554 Karepoula
968 3471 1087 3551 σθένος,

69 3567 193 3656 derisur-
212 3593 243 3637 ιε
265 3563 305 3636 αὖ
328 3569 455 3650 πολλοὺς
477 3569 539 3655 ἅμα
561 3566 659 3648 δεινὸς
681 3565 760 3655 ἁνὴρ
781 3569 904 3656 γέγονεν
926 3569 976 3634 καί
997 3565 1088 3634 πάλιν

834 3677 871 3729 7*
