2548 4004
567 204 787 269 „43-

170 369 252 447 qnod
274 387 293 429 a
316 369 407 428 Sexto
430 367 583 445 Empin‘eo
610 368 685 427 item
711 368 782 428 huie
805 367 883 427 libro
907 358 1119 446 ansiribitur),
1154 365 1193 427 de

169 466 352 544 Empedoele
367 457 418 547 (ir.
432 457 659 546 XXXXVIIH),
678 464 715 524 de
730 464 854 524 Socrate
868 455 919 545 (fr.
934 457 984 546 L),
1008 464 1044 524 de
1057 463 1192 522 Platone

172 555 223 644 (fr.
237 565 279 624 LI
293 568 324 625 et
337 556 418 644 LH),
438 563 474 622 de
494 562 718 622 Socraticorum
735 562 857 639 senipiis
878 554 929 644 (fr.
941 561 1016 621 LIII
1030 565 1061 621 ei
1074 555 1193 641 LIIH).

170 663 225 722 hos
247 663 311 722 fere
333 665 371 722 ut
392 661 507 738 pn'ores
529 660 725 738 philosophos
742 662 912 737 penitentes
929 657 1131 734 Xenophanes
1157 658 1192 716 in

142 775 146 782 ’
172 761 303 821 seeundo
327 759 413 819 libro.

237 857 274 917 In
292 856 407 918 tertio
427 860 532 916 eontra
549 855 732 932 posteniores
750 853 945 931 philosophos
965 851 1103 929 exaghat
1115 851 1195 928 Epi-

172 974 279 1015 oumm
302 945 353 1034 (fn.
377 953 431 1012 LV
455 957 486 1012 et
507 953 590 1031 LVI,
618 971 747 1030 quorum
770 952 903 1012 alterum
924 949 1017 1010 tertio
1041 948 1120 1009 libro
1145 949 1195 1008 in·
1269 993 1270 999 κ

172 1053 266 1112 fuisse
294 1052 385 1127 plane
412 1049 589 1111 Athenaeus
617 1042 719 1132 dicit),
752 1049 862 1110 stoicos
891 1039 943 1129 (fr.
965 1040 1080 1129 LVII),
1113 1065 1195 1125 quos

172 1148 310 1226 inprimis
343 1147 381 1208 ob
414 1147 662 1228 grammaticum.
676 1147 813 1207 studium
844 1147 960 1206 lauerat
988 1136 1039 1225 (ir.
1063 1137 1195 1225 LVIII),

172 1233 301 1324 denique
315 1246 497 1323 Dionysium
510 1245 723 1310 Heracleotam
732 1245 977 1304 Meiaihemenon
987 1232 1039 1322 (fr.
1047 1235 1195 1324 LVIIH).

239 1343 395 1402 Postremo
427 1342 535 1402 Timon
567 1341 690 1402 videtur
721 1361 739 1401 a
765 1341 950 1418 Xenophane
983 1339 1195 1416 interrogatus
1269 1339 1270 1392 ἶ

174 1441 298 1519 quinam
315 1439 487 1517 philosophi
505 1457 584 1500 nuno
602 1439 745 1501 florerent
762 1438 961 1516 respondisse,
982 1455 1047 1496 esse
1067 1437 1196 1514 quidem

172 1539 340 1615 permultos
363 1535 565 1596 Alexandriae
594 1537 647 1596 sed
673 1536 792 1596 futtiles
817 1526 973 1616 (fnL'X),
1002 1551 1068 1594 esse
1098 1533 1196 1593 etiam
1269 1545 1270 1589 ξ

173 1635 350 1696 Ansioneos
378 1627 429 1716 (ir.
453 1627 537 1717 LXI)
565 1634 620 1694 sed
646 1633 701 1692 hoe
729 1651 850 1710 quoque
882 1649 990 1708 vanem
1021 1647 1195 1707 perpaucos
1269 1656 1270 1682 1

172 1736 295 1794 tantum
313 1733 372 1792 sihi
388 1734 518 1810 plaeere,
532 1735 569 1792 ni
581 1731 789 1808 Emyloehum
802 1730 1012 1808 Pyrrhonenm
1026 1721 1077 1808 (fr.
1090 1721 1195 1810 LXII)

174 1833 224 1892 vel
246 1831 405 1891 Philonem
428 1831 557 1890 eundem
579 1829 747 1905 saeptionm
769 1818 820 1908 (fr.
839 1818 965 1908 LXIH).

81 1941 84 1946 '
240 1928 347 1988 Potuit
372 1920 477 1988 'tamen
504 1927 541 1987 de
568 1925 616 1985 his
645 1925 762 2004 dnobus
790 1928 827 1984 nt
848 1924 977 1984 momnis
1006 1914 1093 2003 (nam
1115 1941 1193 1982 num
1267 1906 1269 2015 )

167 2044 210 2085 ’eo
233 2027 370 2102 tempore
398 2043 458 2102 quo
482 2025 590 2084 Timon
613 2023 698 2083 sillos
721 2023 842 2099 seripsit
865 2021 1044 2098 superstiies
1067 2019 1196 2097 fneiint,
1268 2018 1269 2023 ’

174 2113 348 2204 ignoratur)
377 2122 578 2199 Xenophanes
607 2120 706 2198 loqui3
737 2119 942 2196 temponisqne
971 2118 1045 2177 item
1071 2117 1196 2178 ratione

174 2221 402 2280 diiudicandum
425 2223 483 2299 est,
506 2223 611 2280 utrum
628 2219 682 2277 ille
706 2236 745 2276 an
766 2216 874 2276 Timon
891 2214 1044 2275 Aristonis
1063 2215 1196 2276 mentio·

174 2338 244 2377 nem
266 2318 373 2377 feeerit
395 2319 487 2378 ternio
511 2321 592 2376 eerie
610 2316 688 2375 libro
706 2313 850 2373 iniectam
868 2304 919 2393 (fr.
934 2303 1075 2393 LXIIH).

241 2415 368 2474 Prorsus
388 2415 517 2491 deniqne
536 2414 613 2473 nihil
629 2411 822 2489 pronuntiari
844 2413 959 2488 potesi,
983 2427 1043 2486 qno
1062 2409 1095 2467 in
1113 2409 1196 2470 libro

176 2531 212 2572 ea
239 2511 344 2589 verba,
376 2511 486 2588 quibus
512 2511 686 2571 continetur
712 2509 859 2568 iudicium
882 2507 919 2567 de
942 2507 1031 2568 doeio
1060 2505 1197 2584 quodam

176 2607 306 2668 alieuius
319 2608 493 2684 philosophi
507 2607 619 2684 scripto
634 2608 794 2684 statutum,
809 2605 871 2665 sint
888 2606 1010 2682 prolata
1024 2593 1075 2685 (fr.
1085 2595 1196 2684 LXV).

242 2703 328 2762 Hane
356 2704 453 2782 igitur
478 2705 588 2764 misere
614 2704 772 2764 dilacerati
799 2702 940 2763 carminis
964 2701 1197 2778 dispositionem

175 2801 356 2861 resuscitare
376 2805 502 2862 conatus
522 2819 597 2879 snm,
621 2819 769 2879 speroque
786 2800 852 2859 fore
872 2802 909 2860 ui
927 2799 963 2857 in
980 2799 1196 2858 universum

177 2919 213 2960 ea
236 2918 328 2978 quam
351 2899 450 2960 animo
473 2899 598 2976 eonoepi
619 2899 721 2976 imago
744 2915 805 2958 non
828 2898 917 2958 valde
941 2913 1054 2957 avena
1077 2899 1112 2976 ⁰I
1132 2895 1195 2972 pri-

176 2999 256 3058 stina
284 2997 445 3058 abhorreat
476 2997 583 3073 speeie.
630 2998 712 3056 cenna
740 2995 819 3054 enim
847 2995 906 3054 duo
934 2993 1011 3052 mihi
1037 2992 1197 3053 videniur:

177 3099 209 3155 et
230 3099 331 3156 totum
357 3113 465 3172 poema
489 3093 523 3152 in
544 3092 663 3164 νεκυίας
686 3093 815 3152 formam
830 3079 903 3152 'esse
926 3091 1083 3151 redactum
1107 3093 1139 3150 ei
1163 3090 1197 3148 in

176 3193 274 3269 primo
297 3193 375 3253 libro
398 3191 577 3271 λογομαχίαν
604 3191 684 3250 inter
706 3189 901 3267 philosophos
927 3187 1119 3249 commissam
1143 3187 1195 3246 de·

121 3281 123 3288 ’
178 3288 280 3365 sembi,
298 3289 425 3349 tertium
444 3291 561 3348 semum
578 3307 638 3348 non
656 3289 779 3350 videtur
798 3288 850 3347 sed
869 3291 924 3365 esi,
943 3289 979 3346 ut
998 3287 1080 3364 quod
1098 3287 1195 3346 stabi-

177 3386 268 3460 litum
285 3385 476 3462 Apollonidis
495 3387 678 3464 testimonio,
699 3385 916 3463 Xenophanem
935 3386 1066 3445 seeundo
1085 3386 1195 3446 tertio·

178 3502 237 3561 qne
260 3483 338 3544 libro
362 3503 380 3542 a
399 3485 524 3545 Timone
548 3485 769 3562 interrogatum
793 3483 829 3555 de
854 3482 982 3562 singulis
1005 3483 1195 3560 philosophis

179 3582 363 3642 disseruisse.
