2548 4004
466 199 686 264 ..51-

138 365 216 426 Haec
247 367 345 444 igitur
376 365 477 425 omnia
508 364 706 442 singulariter
733 365 922 440 explananda
949 365 1023 424 duri
1051 366 1082 425 in

78 463 289 524 commentariis
313 481 391 540 qaae
414 462 544 541 singulis
569 461 748 538 fragmentis
772 461 925 539 adscripsi.

136 561 179 620 De
205 558 452 621 adnotationibus
481 559 624 618 criticis
653 575 752 634 pauca
780 558 896 618 addam.
943 560 1082 621 Duorum

78 659 256 735 scriptorum,
279 657 361 735 apud
384 675 460 734 quos
483 657 574 734 longe
593 656 724 714 maxima
745 656 986 734 fragmentorum
1009 677 1080 735 pars

77 761 186 815 serrata
208 759 268 833 est,
291 754 442 814 Athenaei
461 757 493 814 et
509 754 625 814 Laertii
644 754 789 832 Diogenis
809 755 927 814 codices
945 755 1081 815 nondum

78 851 110 910 ab
136 853 197 912 uilo
230 853 347 913 editore
377 855 517 912 accurate
550 852 667 910 excussi
700 856 779 911 sunt.
825 850 951 912 Gaudeo
984 853 1081 930 igitur

78 950 149 1025 quod
174 950 355 1010 Athenaei
387 949 497 1008 codicis
524 948 670 1008 Marciani
697 948 726 1008 A
754 950 921 1026 scripturas
954 949 1080 1028 diligen-

78 1045 181 1107 tissime
208 1048 375 1125 descriptas
402 1046 572 1106 liberaliter
598 1046 673 1105 mihi
701 1045 849 1125 Georgius
872 1047 982 1107 Kaibel
1011 1067 1080 1126 sup-

79 1145 227 1223 peditavit;
255 1145 405 1222 epitomae
433 1163 505 1204 sane
532 1136 585 1225 (de
608 1162 670 1220 qua
692 1145 729 1204 cf.
752 1149 875 1221 praeter
897 1145 1080 1225 Kaibelium‚

79 1243 108 1300 dc
127 1241 265 1304 Aduatuci
292 1246 411 1318 epitome
428 1242 594 1302 Wissowae
617 1241 653 1301 de
675 1229 818 1302 Athenaei
840 1245 964 1317 epitoma
986 1246 1080 1304 obser-

78 1341 192 1400 vationes
213 1340 246 1398 in
264 1332 591 1399 ‘Commentationibus
608 1338 773 1416 philologis
791 1340 824 1398 in
841 1341 986 1400 honorem
999 1339 1079 1419 Aug.

79 1433 302 1496 Reiffemcheidii
321 1428 438 1518 editis')
459 1435 596 1495 codicum
613 1454 710 1496 novae
729 1437 907 1497 collationes
925 1439 1000 1497 mihi
1018 1459 1078 1498 non

78 1537 185 1606 praesto
209 1537 304 1593 erant.

134 1630 272 1690 Laertii
300 1650 372 1691 vero
394 1628 570 1708 Diogenis
599 1629 660 1688 iam
683 1629 715 1688 in
737 1631 894 1706 proecdosi
917 1632 1079 1709 largiorem

80 1727 231 1804 scripturae
262 1729 460 1805 discrepantis
490 1726 675 1804 farraginem
708 1726 843 1804 exhibui,
877 1746 970 1804 quam
999 1749 1078 1788 nunc

81 1825 181 1885 omissis
203 1829 305 1886 tamen
329 1825 580 1902 interpretatione
602 1824 714 1884 Latina
739 1828 771 1884 et
793 1825 977 1884 editionibus
1000 1827 1078 1885 anti·

81 1921 136 1995 quis
160 1927 280 2000 praeter
302 1923 521 1984 Frobenianam
548 1920 671 1998 iteravi3
701 1922 753 1982 sed
777 1923 885 1983 addere
908 1923 969 1982 iam
992 1925 1080 2000 potui
1105 1917 1112 1932 '

81 2018 228 2096 scripturas
251 2021 553 2100 gravissimorum
576 2019 713 2078 codicum
732 2039 808 2097 quos
827 2040 925 2097 nuper
942 2025 998 2082 aut
1014 2022 1080 2098 ipse

82 2119 181 2178 excussi
203 2122 259 2178 aut
282 2118 335 2178 alii
357 2135 425 2178 mea
448 2135 540 2178 causa
557 2119 759 2178 contulerant.
795 2123 954 2196 praeterea
971 2123 1079 2196 utpote
1112 2129 1116 2138 “

81 2211 241 2276 inauctore
264 2216 351 2276 cuius
375 2215 543 2275 diorthoein
562 2215 734 2274 etiamnunc
757 2213 921 2276 desiderari
939 2235 993 2275 suo
1013 2216 1079 2276 iure

82 2311 155 2372 multi
174 2316 294 2392 lugent,
317 2317 354 2374 ut
373 2332 435 2373 uno
454 2315 618 2389 conspectu
636 2312 673 2372 de
692 2312 808 2372 cunctis
829 2312 882 2389 qui
900 2312 976 2371 mihi
994 2313 1078 2372 iuno·

82 2412 189 2470 tuerent
215 2410 369 2471 codicibus
396 2409 543 2470 iudicium
570 2409 636 2469 fieri
662 2414 779 2488 posset,
807 2409 903 2470 adieci
926 2413 1079 2488 quotquot

82 2505 142 2564 nihi
158 2509 374 2586 adscripseram
391 2526 446 2586 per
459 2508 561 2567 Italici
576 2508 694 2568 itineris
709 2508 970 2585 opportunitatem
985 2509 1077 2569 alio·

83 2619 144 2661 rum
164 2605 308 2666 librorum
331 2605 487 2666 lectiones.

135 2703 166 2762 In
187 2703 346 2764 afferendis
370 2705 472 2762 tamen
496 2703 663 2779 scripturae
689 2702 899 2780 discrepantiis
923 2704 1079 2764 sciendum

83 2801 120 2856 est
142 2819 203 2860 eam
231 2819 323 2878 quam
351 2819 387 2860 ex
414 2800 591 2877 disciplinae
620 2800 783 2860 severitate
813 2801 899 2861 decet
928 2801 1078 2861 rationem

84 2898 152 2972 sequi
168 2918 214 2958 me
233 2908 294 2958 uon
311 2898 448 2974 potuisse
466 2897 526 2957 nisi
543 2898 575 2956 in
590 2901 737 2975 quattuor
751 2899 901 2974 optimis
915 2896 1077 2974 codicibus,

83 2989 199 3055 Parisino
217 2996 316 3072 primo
335 3000 367 3056 et
385 2996 482 3055 altero
502 2987 545 3076 (P
556 2999 588 3055 et
602 2989 649 3076 Q),
672 2995 844 3056 Burbonico
864 2994 1076 3073 antiquissimo

84 3085 131 3170 (B)
150 3097 178 3154 et
194 3093 400 3153 Laurentiano
422 3093 519 3170 primo
540 3085 612 3174 (F),
635 3097 793 3170 praeterea
816 3093 848 3150 in
871 3091 1076 3152 Laurentiano

84 3187 157 3248 tertio
179 3181 240 3271 (H)
264 3193 296 3249 et
317 3190 348 3248 in
371 3189 520 3249 Vaticano
543 3189 647 3250 Vrsini
670 3183 741 3272 (V),
764 3190 894 3267 denique
919 3190 950 3249 in
973 3190 1077 3250 Mona·

85 3287 148 3345 censi
169 3281 242 3369 (M)
279 3286 377 3346 dicam
400 3287 438 3346 de
462 3287 598 3365 singulis.

135 3385 283 3446 Parisinus
302 3385 436 3446 Graecus
458 3389 541 3446 1759
562 3403 638 3445 saec.
653 3385 724 3446 XIV
747 3383 878 3461 scriptus
898 3377 954 3468 (P)
980 3389 1077 3446 scatet

85 3484 311 3560 mnectionibus3
330 3483 403 3542 mihi
423 3483 603 3544 amicissime
618 3487 649 3542 et
661 3484 751 3561 longe
766 3483 992 3544 accuratissime
1007 3503 1077 3543 eum

87 3583 196 3642 ercmsit
209 3581 468 3660 Gundermannus,
488 3601 524 3641 ex
542 3580 628 3640 cuius
647 3580 765 3640 notitiis
783 3581 991 3656 quaestionem
1006 3576 1075 3638 sub·

878 3675 916 3731 4!
