2548 4004
572 191 614 201 -
660 155 704 220 44
750 191 792 200 ..

178 341 280 384 omnes
308 301 412 382 autem
439 319 558 380 duxisse
581 319 741 378 Platonem
763 312 913 399 ἀγορητὴν
934 310 1051 396 ἡδυεπῆ
1073 313 1203 390 τέττιξιν
1253 335 1256 360 ⁴

176 413 336 499 ἱσοιιράγον
359 411 410 500 (fr.
433 410 517 498 VII).
563 415 669 476 deinde
693 416 843 476 Zenonem
870 415 1000 476 stoicum
1026 419 1134 475 narrat
1161 434 1203 475 se

175 517 288 579 vidisse
319 537 412 576 anum
443 515 640 576 Phoenissam
675 513 801 591 eiusque
837 531 958 573 naseam
989 531 1051 591 que
1082 514 1202 574 callide
1237 575 1257 598 t,

177 617 277 677 omnia
304 618 426 692 captare
454 612 606 673 studuerit
627 611 743 671 frustra
765 614 909 689 vegetem
932 627 996 670 esse
1020 601 1072 690 (fr.
1091 603 1210 692 Vm)
1256 589 1257 612 ¹

175 707 315 791 pergitur
327 711 358 770 iu
372 709 621 788 philosophorum
635 708 764 788 agmine,
777 707 831 768 uhi
842 708 985 784 apparuIt
1003 707 1097 766 etiam
1110 707 1203 766 Ana·

175 810 279 870 xenohi
300 804 469 887 θαρσαλέον
486 847 582 868 .....
601 799 710 866 κύνεον
730 801 818 882 μένος
837 798 887 886 (fr.
901 797 1008 887 VIIII)
1028 810 1060 866 et
1077 806 1202 866 medios
1257 855 1258 882 ,

175 908 207 968 in
234 907 401 984 litigantes.
416 905 469 982 qui
491 921 523 963 so
545 902 744 964 immisouerit
766 903 956 982 Protagoras
973 899 1136 981 ἐριζέμεναι
1162 894 1200 964 εὖ

176 997 262 1076 εἰδώς
290 995 345 1083 (fr.
368 993 423 1083 X).
469 1000 541 1060 huie
572 1000 702 1078 donique
730 1001 949 1068 enumerationi
976 1000 1058 1061 haud
1082 1001 1202 1078 inepte

175 1101 294 1161 tribuas
316 1100 353 1158 fr.
367 1099 420 1176 XI,
433 1097 501 1176 XII,
515 1097 599 1175 XIII,
615 1097 733 1175 ,quibus
757 1101 1029 1158 commemorantur
1045 1098 1202 1160 Prodicus

177 1188 365 1277 λαβάργνρος
393 1188 578 1275 ὧρολογηιής
610 1186 661 1274 (fr.
684 1186 756 1277 XI),
787 1193 985 1256 Antisthenes
1017 1191 1200 1274 ποντοφνὴς
1258 1225 1259 1250 ι

113 1345 120 1356 .
177 1291 296 1372 φλέδων
325 1285 376 1373 (fr.
399 1283 486 1374 m),
518 1291 705 1368 Speusippus
732 1285 848 1372 ἀγαθὸς
872 1295 991 1368 σκῶψαι
1019 1284 1070 1373 (fr.
1093 1286 1200 1375 XIH).

243 1391 319 1451 Post
350 1389 471 1463 finitum
491 1390 577 1449 huno
605 1390 780 1468 catalogum
810 1391 923 1468 repetit
950 1391 1058 1452 Timon
1079 1411 1201 1460 ‚omues

177 1491 232 1550 hos
255 1489 335 1548 iuter
357 1506 421 1548 seso
445 1490 638 1546 concertasse
650 1487 780 1566 tenibili
798 1487 973 1570 λογομαχίᾳ,
995 1489 1027 1547 in
1047 1507 1109 1566 qua
1127 1489 1199 1567 βρο-
1259 1497 1260 1516 ’

176 1579 308 1665 τολοιγὸς
322 1579 406 1662 Ἔρις
429 1603 547 1660 semper
570 1602 619 1645 eos
639 1585 750 1644 aoriter
772 1585 810 1644 ad
832 1586 1031 1664 pugnandum
1053 1585 1200 1646 instimu-
1259 1575 1260 1580 ¹

114 1675 116 1680 ’
177 1685 256 1743 larot
285 1675 335 1764 (fr.
358 1673 478 1763 XHII);
516 1683 680 1760 statimque
708 1676 809 1764 ὀλίγον
835 1675 952 1762 ὑποβάς
984 1675 1035 1764 (ut
1061 1687 1201 1744 testatur

178 1782 290 1842 diserte
312 1779 404 1852 Glem.
423 1780 508 1839 Alex.
528 1783 630 1846 strom.
644 1779 673 1838 V
687 1800 716 1856 p.
732 1781 795 1842 235
812 1772 910 1862 Sylb.)
934 1763 1093 1858 subimgit
1117 1799 1200 1858 quae
1260 1819 1261 1830 ι

177 1879 271 1939 fuerit
292 1879 427 1936 rixarum
449 1894 549 1936 eausa.
594 1877 650 1936 has
673 1896 744 1937 vero
771 1877 899 1938 ridicule
924 1877 1064 1938 imitatus
1088 1879 1201 1939 Iliadis

177 1976 300 2036 initium
322 1974 412 2052 fingit
437 1977 555 2036 exortas
578 1993 633 2051 per
651 1967 760 2056 Ἠχοῦς
779 1967 948 2053 σύνδρομον
965 1969 1067 2054 ὄχλον,
1091 1994 1110 2034 a
1134 1995 1199 2054 quo

177 2073 342 2151 garrulitas
364 2070 553 2147 philosophIs
575 2071 687 2132 inieoto
709 2073 750 2132 sit
773 2064 824 2153 (fr.
843 2064 923 2154 XV).

245 2169 434 2230 Certamen
444 2172 548 2228 autem
560 2168 809 2247 philosophorum
821 2189 854 2230 re
869 2188 941 2232 vera
955 2187 1020 2230 esse
1034 2169 1201 2230 adumbra·
1261 2169 1262 2186 ¹

178 2271 245 2327 tum
276 2287 337 2328 non
367 2266 457 2326 modo
489 2266 600 2326 ideireo
630 2266 768 2327 redditur
799 2267 975 2345 verisimile,
1008 2269 1098 2346 quod·
1121 2269 1200 2329 haee

177 2366 256 2425 ratio
276 2365 438 2424 admodum
458 2364 519 2423 fuit
538 2368 662 2441 aooepte
676 2363 859 2424 Graecorum
881 2366 995 2442 populo
1016 2365 1068 2443 qui
1086 2355 1200 2425 inde’a

177 2461 280 2539 pueris
299 2479 417 2537 semper
433 2461 562 2519 maxime
581 2461 730 2539 agonib'us
748 2464 924 2541 genderent,
942 2463 1040 2524 veluti
1057 2463 1200 2524 adhibite

179 2563 233 2635 est,
256 2561 293 2617 ut
314 2557 376 2616 tria
398 2558 497 2616 solum
515 2557 719 2618 diversissime
741 2561 878 2637 exempla
901 2575 1059 2637 apponam,
1082 2560 1115 2618 in
1133 2559 1200 2622 Ho-

178 2656 253 2714 meri
284 2654 468 2732 Hesiodique
501 2655 677 2734 certamine,
708 2656 740 2715 iu
771 2655 985 2733 Aristophanis
1016 2656 1126 2733 Reuis,
1164 2657 1201 2716 in

163 2752 290 2812 'Iuliani
313 2744 538 2834 Caesaribus¹);
566 2771 621 2812 neo
643 2753 744 2813 minus
766 2757 813 2813 est
835 2753 944 2814 idonea
967 2771 1028 2830 qua
1051 2753 1200 2832 sugillen-

178 2855 230 2910 tur
252 2849 425 2927 philosophi
448 2849 485 2909 ob
508 2851 721 2911 altereationes
743 2853 907 2927 perpetuas
928 2849 1079 2910 notissimi
1102 2851 1200 2928 inpri-

177 2949 296 3025 misque
322 2947 439 3007 usitate
466 2946 498 3005 in
525 2947 611 3024 opica
640 2947 823 3008 Graecorum
850 2948 935 3024 poesi
964 2947 1133 3008 ludibunda
1160 2953 1201 3009 ut

178 3047 210 3105 iu
228 3044 571 3122 betraohomyomaohie‚
584 3046 733 3106 Matronis
748 3044 868 3128 δείπνῳ,
883 3045 965 3122 eliis3
983 3063 1088 3104 verum
1103 3045 1200 3104 etiam
1246 3031 1248 3036 ⁵

178 3143 326 3220 reliquiae
353 3142 436 3218 ipsae
463 3161 527 3202 rem
553 3142 599 3202 ita
626 3135 690 3204 sese
717 3141 828 3203 habere
859 3161 920 3202 non
947 3143 1117 3219 loquuntur
1145 3143 1200 3202 sed

179 3241 320 3299 clamant.

252 3384 278 3452 1)
299 3381 392 3438 Simili
416 3380 568 3437 certamine
586 3381 710 3452 pictores
728 3382 803 3437 inter
821 3397 851 3437 re
870 3380 1028 3436 condixisse
1048 3379 1149 3436 statuit
1167 3382 1197 3436 iu

178 3461 346 3518 Nioomaohi
364 3462 457 3533 elegia
476 3460 543 3517 Otto
557 3461 628 3516 Iahn
645 3461 676 3515 iu
694 3459 774 3515 relat.
795 3476 850 3516 soe.
866 3459 930 3516 Sar.
948 3460 1004 3517 vol
1019 3459 1086 3516 VIII
1102 3462 1197 3532 (1856)

178 3561 206 3614 p.
224 3548 274 3599 291
295 3540 442 3614 ingeniosa
461 3557 528 3598 rane
547 3543 596 3598 sed
614 3557 713 3612 parum
732 3543 809 3597 certa
828 3539 999 3599 coniectura.
1261 3539 1262 3568 ³
