2544 3998
486 237 708 301 „33-

84 399 252 459 satimrum
275 419 311 460 ex
328 400 465 478 Diogene
484 391 543 481 (VI
561 391 640 480 101)
664 399 751 459 tituli
767 401 921 480 Διαθῆκαι
940 407 972 465 et
989 399 1106 466 Νέκυια

84 497 148 557 noti
174 489 229 576 (de
251 497 309 556 bec
331 497 400 558 vide
423 515 515 574 supra
536 516 566 572 p.
586 498 630 556 40
645 515 687 574 sq.
712 499 744 556 et
768 490 834 579 01).

152 593 244 664 Quod
266 613 339 654 sero
357 588 491 673 δράμοιεν
513 593 596 671 epud
615 593 741 653 Suidum
762 599 793 655 et
810 595 978 658 Eudooium
997 619 1025 661 v.
1040 597 1105 661 Ml-

85 712 197 763 νιππος
209 686 340 769 κωμικός
354 694 586 752 commemorata
600 691 639 750 ud
647 691 826 769 Menippum
839 693 978 770 cynicum
992 696 1103 758 referre

84 789 185 849 voluit
198 782 412 870 Meinekius1),
430 790 462 847 in
481 808 516 849 eo
533 807 595 849 non
611 789 711 850 minus
730 789 827 851 falsus
846 793 892 851 est
911 810 1002 868 quum
1022 793 1104 871 quod

83 885 182 946 eidem
208 885 347 947 fabulum
376 887 528 964 quendem
555 885 721 963 edespoton
748 887 818 961 Δίες
846 888 1024 966 inscriptam
1052 890 1103 951 ed·

83 985 220 1063 signavit
240 987 394 1046 refutatus
417 985 532 1062 optimo
555 985 622 1044 iure
645 985 784 1046 ulliesio
808 978 851 1067 (p.
870 988 910 1047 10
929 985 996 1046 edu.
1015 977 1057 1070 l).

151 1081 296 1143 Ceterum
332 1083 458 1143 fuenmt
494 1081 547 1159 qui
579 1082 712 1160 maligne
746 1102 848 1144 omnes
880 1083 990 1145 satiras
1024 1101 1102 1163 quoe

82 1180 220 1256 Menippi
242 1198 352 1239 nomen
374 1197 447 1257 pree
471 1195 502 1239 se
525 1179 639 1239 ferrent
662 1181 700 1239 ob
723 1200 758 1241 eo
782 1181 956 1244 ebiudicsre
979 1183 1103 1262 vellent,

82 1295 151 1335 cum
174 1277 392 1338 contenderent
414 1277 599 1354 conscriptes
623 1295 673 1337 ess
697 1296 761 1339 esse
780 1298 798 1337 e
816 1279 935 1340 duobus
952 1277 1102 1358 Colopho·

81 1374 140 1433 uiis
160 1375 282 1452 Zopyro
305 1379 337 1436 et
354 1366 547 1457 Dionys102),
572 1395 701 1454 quorum
723 1378 812 1436 illum
833 1377 985 1438 rhetorem
1007 1376 1102 1440 notis·

81 1473 202 1550 simum,
215 1473 412 1552 Menippique
427 1477 458 1533 ot
468 1474 601 1536 Timonis
616 1475 773 1552 eequelem
788 1465 901 1554 (quode
915 1492 1007 1552 supra
1020 1493 1049 1552 p.
1061 1477 1100 1538 15

81 1563 160 1651 dixi)
185 1587 251 1629 esso
274 1575 354 1630 recte
372 1563 590 1654 Fritzschiusi)
612 1572 745 1649 monuit,
769 1571 822 1648 qui
844 1573 946 1631 temen
966 1572 1102 1634 Timonis

80 1668 264 1745 sillogrnphi
300 1685 409 1728 nomen
441 1669 473 1727 in
504 1669 630 1729 eundem
662 1667 838 1728 memoriam
868 1667 1008 1728 infercire
1040 1687 1101 1730 non

81 1765 197 1824 debuit.
225 1783 324 1842 nsque
342 1765 440 1844 magis
458 1765 581 1843 probari
597 1770 728 1843 possunt
745 1765 822 1824 miro
840 1767 1018 1844 commento,
1033 1766 1100 1844 qui·

49 1860 55 1870 '
81 1863 138 1922 bus
167 1861 251 1921 idem
279 1867 310 1922 et
342 1882 410 1923 cum
441 1867 527 1940 putre
555 1863 637 1924 filius
666 1863 871 1924 demonstrare
900 1861 1001 1922 consti
1029 1866 1102 1924 sunt

81 1978 230 2018 conexum
256 1959 357 2019 nescio
388 1979 477 2037 quem
504 1961 664 2020 arctiorem
691 1960 771 2022 inter
794 1959 928 2020 Timonis
957 1960 1041 2021 sillos
1071 1963 1102 2022 et

11 2051 16 2074 '
81 2055 252 2116 Lucianum
269 2075 324 2132 per
336 2056 472 2134 Menippi
489 2057 598 2118 seliros
617 2049 847 2140 interceder04):
872 2055 953 2136 quod
971 2058 1100 2120 fortusse

154 2269 181 2336 1)
202 2266 274 2323 Gom.
291 2266 341 2323 Gr.
356 2267 381 2322 V
399 2285 427 2337 p.
443 2273 476 2322 12
496 2271 525 2324 et
543 2269 645 2325 vindic.
660 2269 753 2325 Strui.
767 2285 795 2338 p.
810 2275 863 2324 234
875 2287 930 2339 sq..
949 2269 995 2324 hic
1013 2269 1100 2326 verbo

81 2344 207 2417 κωμικός
226 2348 347 2415 servato,
367 2346 426 2402 illic
444 2348 554 2403 mutato
574 2347 603 2402 in
622 2344 738 2410 κυνικός
756 2347 842 2417 (quod
860 2347 945 2420 plene
965 2348 1100 2406 assides

81 2444 135 2482 usu
153 2427 310 2497 abhorret).
347 2426 423 2482 idem
442 2426 515 2482 Gom.
535 2427 583 2482 Gr.
604 2427 662 2499 lp.
683 2433 736 2483 494
754 2426 906 2490 Μένιππος
929 2427 1050 2484 correxit
1068 2426 1099 2484 in

76 2505 250 2577 Ἕρμιππος,
270 2521 343 2574 quae
361 2507 482 2561 mutatio
500 2522 592 2574 neque
610 2507 703 2578 gravis
719 2510 748 2563 et
761 2507 947 2578 Hermippum
961 2508 1099 2566 comicum

81 2586 237 2656 Κένοωπες
255 2585 401 2656 scripsisse
420 2587 543 2654 constet3
562 2587 612 2643 sed
630 2587 684 2642 hoc
700 2595 816 2659 eccepto
830 2587 952 2656 primum
970 2603 1098 2645 necesss-

82 2668 123 2722 rio
142 2665 315 2720 credendum
334 2668 378 2721 est
394 2665 452 2720 tale
469 2665 603 2720 mendum
621 2664 679 2720 iem
696 2665 727 2720 in
744 2663 880 2736 Hesychii
898 2663 1002 2722 Milesii
1026 2668 1099 2724 libro

82 2763 166 2816 quem
181 2742 284 2799 Suidss
303 2745 449 2814 usurpavit
467 2744 598 2812 haesisse,
617 2743 718 2800 deinde
737 2746 840 2816 obstet,
862 2745 938 2814 quod
952 2745 1098 2818 Hermippi

81 2827 141 2882 vite
159 2840 195 2879 ex
212 2823 353 2891 Hesychio
377 2822 469 2894 petitu
488 2821 594 2894 legitur
612 2824 687 2894 apud
706 2823 830 2880 Suidsm.
867 2826 994 2894 pressus
1012 2824 1099 2896 igitur

81 2903 153 2958 nihil
172 2905 282 2958 mutere
296 2905 326 2959 et
337 2901 502 2974 Menippum
521 2903 660 2973 quendem
679 2903 818 2958 comicum
835 2904 950 2959 aliunde
969 2903 1098 2975 ignotum

82 2987 206 3040 minere
229 2982 333 3054 (qualis
351 2987 396 3038 est
412 2979 599 3052 Μενεκράτης
617 2983 693 3053 apud
713 2983 848 3052 Suidum).

152 3067 182 3134 2)
200 3064 232 3118 L.
252 3063 287 3118 D.
303 3061 343 3116 VI
358 3069 409 3118 100
429 3061 500 3118 ἔνιοι
518 3061 551 3118 dl
569 3058 604 3116 τὰ
625 3065 719 3137 βιβλία
732 3058 821 3117 αὐτοῦ
842 3055 893 3116 oris
914 3055 1002 3116 occisori
1022 3059 1098 3118 εἶναι

80 3139 151 3200 silici
168 3145 323 3198 Διονυσίου
341 3142 391 3198 ml
411 3139 548 3214 Ζωπύρου
568 3143 625 3196 τῶν
643 3143 850 3212 Κολοφωνίων,
869 3139 897 3196 οἳ
915 3142 965 3196 τοῦ
983 3144 1097 3209 παίζειν

81 3223 168 3280 ἕνεκα
191 3222 351 3293 γράφοντες
375 3218 508 3278 ἐδίδοσαν
530 3217 609 3296 αὐτῷ
634 3217 672 3285 ὥς
691 3213 723 3277 εὖ
748 3219 898 3292 δυναμένῳ
922 3219 1095 3280 &cedidisse

80 3304 211 3376 agnoscis
228 3303 295 3359 libri
312 3302 415 3360 ramosi
433 3305 563 3359 naturum
582 3304 617 3358 de
635 3318 692 3372 qus
709 3301 776 3357 dixi.

152 3385 182 3454 3)
200 3383 309 3454 proleg.
327 3381 357 3438 in
374 3381 528 3440 bennun
546 3387 563 3436 2
582 3400 609 3453 p.
624 3379 778 3446 XXXVIII,
797 3379 845 3449 qui
864 3399 891 3450 p.
909 3381 957 3436 XL
976 3383 1098 3440 coniecit

80 3461 157 3532 spud
172 3459 317 3518 besrtium
330 3461 507 3518 scribendum
521 3477 581 3517 esse
595 3455 665 3516 ἀλλὰ
679 3460 831 3532 (Τίμωνος
844 3459 914 3534 ccl>
929 3464 1098 3532 Διονυσίους

80 3541 114 3595 ci.
134 3541 222 3598 etiem
241 3541 417 3597 Nietsschius
435 3559 496 3612 prg.
516 3538 601 3596 Besil.
622 3545 691 3596 1870
710 3557 738 3610 p.
758 3544 801 3594 32.

151 3623 181 3693 4)
195 3621 226 3677 2.
237 3619 272 3678 V.
281 3619 451 3677 Iritsschins
466 3620 573 3693 proleg.
588 3639 615 3692 p.
626 3619 744 3678 XXXVI
758 3621 788 3675 et
801 3618 906 3675 Theoi.
917 3617 1098 3690 Fritsschius,

900 3707 937 3762 6*
