2544 3998
107 230 419 274 amn-xxviia
498 245 538 252 —
587 207 651 273 135
698 245 739 254 —

107 381 169 435 qno
186 386 205 420 ιι
225 380 294 422 corr.
315 380 349 420 ax
366 365 408 436 β)ς
435 358 654 436 ἄφραοιβόμβαξ
674 363 800 436 Scaliger
823 366 860 421 od
878 364 1026 438 stephan„
1050 381 1127 438 poen.

106 454 181 524 plriL
199 472 227 525 p.
247 458 300 510 21⁸1

178 641 276 682 conn.
304 621 432 681 Initium
456 622 545 698 quale
568 622 662 682 fuerit
685 622 808 682 difficile
828 622 920 684 dictu.
953 617 1042 704 λόγον
1065 615 1129 684 ιἰνι-

109 713 218 780 στόναι
241 717 350 778 Graeci
378 737 438 778 non
462 717 579 798 dicunt,
603 739 701 798 neque
724 721 822 800 magis
845 722 936 800 λῆρον
963 713 1130 797 ἀνιστάναι,

109 817 194 896 quod
203 815 357 896 plerisque
366 815 492 894 placuit,
502 834 571 876 eum
580 815 773 878 Menedemus
783 819 848 896 ipse
859 819 947 896 λῆρος
958 817 1130 895 appellatus

109 917 152 976 sit
176 905 292 996 (Laert.
316 913 404 992 Diog.
428 913 460 972 11
485 906 572 995 140).
618 918 752 975 ceterum
781 916 840 976 huo
871 915 989 977 faciunt
1015 915 1131 976 Laertii

109 1014 142 1073 11
160 1015 223 1073 134
242 1011 336 1073 rerba
353 1010 463 1089 quibus
477 1011 650 1088 philosophi
668 1015 804 1074 sollertia
823 1014 1015 1074 describitur:
1034 1010 1129 1093 ἐστρέ-

110 1103 185 1186 φετό
202 1129 233 1169 τε
250 1102 326 1188 πρὸς
343 1102 440 1168 πάντα
458 1105 507 1168 καὶ
526 1101 715 1190 εὑρεσιλόγει·
735 1104 951 1190 ἐριστικώτατός
969 1133 999 1171 τε
1014 1158 1021 1172 .
1037 1157 1043 1170 .
1058 1155 1065 1170 .
1078 1095 1128 1189 ἦν.

109 1209 218 1286 itaque
245 1209 334 1284 patet
354 1197 582 1285 αἰφροσιβόμβαξ
609 1207 731 1268 fatuum
756 1209 908 1270 hominem
931 1209 1130 1286 vaniloquum

109 1303 283 1382 significare
303 1307 395 1381 atque
414 1303 489 1363 scite
507 1297 623 1384 βόμβαξ
646 1307 759 1384 grande
778 1308 918 1369 sonantia
936 1323 1027 1367 sensu
1045 1323 1131 1367 cassa

110 1401 206 1464 verba
237 1401 385 1461 imitatur.
431 1400 484 1460 sed
514 1401 612 1462 forma
644 1403 730 1464 verbi
760 1407 866 1467 novati
894 1403 1056 1466 admodum
1084 1409 1131 1464 est

111 1498 207 1560 dubia
239 1517 336 1576 neque
368 1498 443 1558 satis
476 1499 650 1560 defenditur
681 1503 825 1580 exemplis
858 1520 876 1561 a
908 1502 1059 1564 Lobeokio
1092 1503 1131 1562 ad

109 1595 275 1673 Phrynioh.
298 1616 327 1672 p.
349 1597 411 1656 687
437 1599 468 1655 et
489 1597 652 1676 Meinakio,
676 1599 781 1660 deleat.
805 1599 919 1660 anthol.
943 1598 993 1658 Gr.
1016 1621 1045 1677 p.
1066 1602 1128 1660 133

109 1693 264 1771 congestis
283 1693 328 1753 ita
347 1697 384 1753 ut
400 1695 575 1772 perplaceat
590 1695 736 1774 Scaligen'
750 1698 931 1774 coniectura,
946 1715 1130 1773 quamquam

109 1791 143 1850 in
166 1789 223 1851 hoo
246 1795 338 1868 poeta
360 1812 397 1852 ne
420 1791 565 1851 traditam
589 1792 710 1870 quidem
733 1795 945 1855 formationem
971 1793 1061 1872 plane
1084 1793 1129 1852 in·

110 1888 304 1950 tolerabilem
327 1908 391 1950 esse
415 1889 591 1950 crediderim
614 1881 728 1972 (neseio
747 1892 826 1951 unde
845 1892 876 1950 in
896 1889 1041 1967 Stephani
1064 1890 1129 1950 the·

111 2003 238 2046 sanmm
261 1985 432 2048 Parisinum
454 1981 690 2068 όιφροσιβόμβνξ
713 1981 858 2072 fluxerit).

728 2151 731 2158 ι

547 2261 694 2323 XXVIIII

156 2389 228 2458 τοῖς
252 2374 284 2444 d'
310 2375 546 2465 ἐπικοκκαστὴς
569 2375 806 2466 ὀχλολοίδορος
822 2373 1035 2464 Ἡράκλειτος

156 2481 309 2572 αἰνικτὴς
331 2477 507 2571 ἀνόρουσε.

409 2669 528 2711 nonnul
551 2669 691 2712 unronrl
713 2669 830 2714 VERSVS

110 2767 141 2822 in
159 2785 185 2823 v.
208 2773 231 2822 1.
251 2771 281 2821 2:
299 2771 322 2820 A
341 2773 393 2824 247
412 2773 485 2822 τοῖσι
504 2766 536 2823 di
556 2767 675 2837 Νέστωρ

341 2859 393 2911 248
412 2852 539 2926 ἡδυεπὴς
557 2851 704 2925 όνόρονοε.

135 2949 328 2958 -μ--ι-η

180 3021 269 3066 rnsr.
298 3005 470 3066 Laertius
489 3005 590 3085 Diog.
605 3007 683 3066 lxo
706 3000 778 3068 αιἰιὸ
802 2998 849 3089 (τὸ
867 2997 999 3086 βιβλίον)
1090 2997 1130 3076 ὥς

112 3101 168 3183 μίν
185 3123 277 3180 τινες,
299 3097 491 3183 ἐπιτηδεύσας
513 3097 714 3182 ιἰσαφέστεραν
736 3099 866 3186 γρόψαι,
888 3095 970 3174 ὅπως
989 3099 1020 3162 οἱ
1036 3093 1130 3162 δανό-

113 3223 198 3279 moe
229 3200 380 3279 προσίοιεν
411 3195 491 3284 αὐτῷ
523 3198 574 3262 καί
602 3195 643 3280 μὴ
673 3199 705 3262 ἐιι
731 3205 784 3264 τοῦ
816 3193 975 3280 όημεόδονς
1007 3191 1129 3260 εὐκατα-

114 3291 268 3380 φρόνητον
286 3286 313 3380 ἦ.
331 3301 437 3361 τοῦτον
455 3295 556 3360 δὲκαὶ
574 3291 591 3359 ὁ
607 3299 708 3376 Τίμων
730 3291 898 3379 ὑπογράφει
919 3292 1025 3377 λέγων·
1050 3300 1131 3370 «τοῖς

114 3427 159 3440 -·
180 3387 357 3474 ιἰνόρονσει.
394 3397 546 3457 Proolua
569 3397 601 3454 in
621 3395 771 3455 Alcibiad.
794 3395 885 3472 prior.
908 3395 924 3454 I
946 3414 975 3471 p.
996 3396 1060 3456 255
1084 3393 1130 3454 ed

115 3492 252 3554 Greuzer.
276 3517 318 3542 ==
341 3514 370 3570 p.
395 3495 458 3554 525
483 3493 529 3554 ed.
554 3491 642 3554 dous.
670 3485 771 3571 ὀρθῶς
799 3482 855 3554 οὖν
881 3488 932 3554 aad
955 3484 972 3554 ό
995 3494 1131 3573 γενναῖος

111 3584 298 3670 Ἡράκλειτος
316 3584 539 3668 ιἰποσιιοραιιίζει
557 3584 590 3652 τό
604 3593 722 3670 πλῆθος
736 3582 777 3664 ὥς
790 3585 886 3653 ἄνοον
900 3587 950 3650 ιιαλ
964 3583 1130 3669 ιἰλόγισταν·
