2544 3998
66 249 118 288 rn.
135 249 296 290 mxm
463 263 504 273 -
551 228 615 294 139
662 264 704 275 —

530 418 630 478 XXXI

164 535 273 613 (imis
295 558 368 621 μοι,
393 529 410 602 ὃ
434 535 470 602 ἐκ
492 539 628 622 γενετῆς
651 554 687 604 σε
710 537 869 623 κέκληκεν

115 635 140 726 ἡ
162 638 287 728 μήτηρ,
311 635 403 708 εἷναί
421 666 479 728 μοι
500 640 602 722 καλός
624 668 660 711 τε
682 643 784 729 μέγας
805 668 849 710 τε.

368 826 488 868 nonnul
510 827 650 869 DETORTi
672 826 789 871 VERSVS

64 923 99 978 in
109 941 138 978 v.
149 929 171 978 1.
181 929 211 978 2:
231 929 274 979 ⁶5
290 919 412 994 Ἀρναῖος
429 919 457 978 δ’
474 920 558 996 ὄνομ’
573 923 651 981 ἔσκε·
671 923 703 982 τὸ
718 923 772 998 γὰρ
786 923 857 982 θέτο
875 921 979 981 πότνια
994 922 1084 997 μῆτῆρ

261 1007 328 1069 iis
346 1013 474 1083 γενετῆς·
495 1005 567 1084 'Ioco
587 1012 618 1070 δέ
638 1018 695 1072 κτλ.

65 1099 99 1154 in
115 1106 182 1155 m:
207 1103 293 1156 &108
312 1101 348 1156 sl.
367 1099 451 1165 καλός
469 1121 498 1157 τε
518 1100 607 1173 μέγας
624 1122 654 1158 τε
675 1101 784 1174 (ecdem
802 1119 898 1160 versus
918 1103 995 1172 sedo)

138 1293 226 1337 ress.
252 1277 462 1338 Athenaeus
481 1279 526 1338 IV
543 1299 572 1356 p.
594 1281 671 1340 160ο
685 1297 728 1358 sq.
757 1274 794 1340 σὺ
812 1277 846 1342 δέ
868 1303 928 1361 μοι
952 1265 1086 1357 δοκεῖς,

68 1364 96 1435 ei
119 1370 290 1453 Κύνουλκε,
317 1369 409 1458 τούτῳ
432 1370 488 1457 γὰρ
511 1377 620 1456 χαίρεις
641 1380 681 1462 τῷ
704 1371 841 1456 ὀνόματι,
871 1372 909 1441 οὖ
933 1373 1089 1461 λεγόμενος

68 1467 131 1554 (sio
146 1472 255 1551 scripsi
266 1493 322 1550 pro
335 1468 453 1555 λέγων),
467 1467 484 1536 ‘0'
499 1471 536 1535 ἐκ
549 1477 695 1554 γενετῆς
709 1467 779 1552 σεῆ
795 1470 908 1555 μῆτηρ
926 1473 1088 1555 κέκληκε,

67 1565 146 1632 κατὰ
172 1565 225 1634 τὸν
252 1565 307 1632 σὸν
331 1570 467 1649 Τίμωνα,
500 1564 595 1632 εἶναί
624 1593 684 1650 μοι
711 1565 818 1644 καλός
844 1591 879 1633 τε
906 1569 1013 1652 μέγας
1039 1593 1088 1650 τε,

67 1661 128 1729 οὐκ
146 1662 339 1746 ἐπιστάμενος
356 1663 401 1730 ὅτι
418 1663 525 1749 κόγχος
542 1662 624 1746 παρὰ
642 1664 772 1752 προτέρῳ
792 1659 878 1750 (παρ’
898 1662 1028 1752 ὁποτέρῳ
1042 1664 1087 1752 Α)

69 1759 192 1843 μνήμης
212 1759 367 1844 τούνεκεν
386 1758 555 1848 ’fautrices
577 1770 634 1828 κτλ·

139 1961 237 2004 coum.
274 1942 376 2020 Vulgo
403 1947 515 2019 putent
538 1944 673 2005 Timonis
700 1962 765 2005 osso
792 1946 857 2005 sola
884 1943 977 2005 verbo
999 1937 1088 2019 καλός

68 2061 99 2100 τε
118 2037 210 2122 μέγας
227 2061 270 2117 τε,
288 2041 449 2101 manifesto
466 2045 570 2101 tumen
583 2041 678 2100 etiem
696 2041 728 2100 in
746 2042 788 2102 eis
808 2061 886 2119 quoe
904 2042 1088 2103 antecedunt

70 2139 234 2200 Homerios
259 2140 398 2216 perodio,
431 2157 523 2217 quam
549 2139 717 2199 necessario
745 2139 785 2199 od
813 2141 940 2200 eundem
966 2142 1089 2216 postem

72 2237 196 2296 referes.
228 2237 298 2296 dein
316 2237 481 2298 rectissime
500 2235 683 2313 Meinokius,
706 2238 786 2295 cnei.
805 2236 845 2296 od
862 2235 973 2295 Athen.
987 2256 1015 2312 p.
1033 2237 1088 2296 76:

70 2329 159 2394 ‘hooc
182 2353 252 2394 cnm
273 2334 432 2394 notissime
449 2333 574 2393 Homeri
596 2333 688 2394 verbs
711 2334 785 2410 sint,
808 2351 869 2393 non
888 2335 1015 2409 apparet
1035 2351 1090 2392 our

72 2450 109 2492 es.
127 2450 164 2492 sx
182 2431 309 2492 Timone
327 2431 500 2491 efferentur.
537 2450 635 2508 neque
658 2432 698 2491 ed
719 2430 899 2492 sententium
918 2435 995 2520 epte
1008 2434 1089 2508 sunt,

70 2547 152 2606 queo
179 2528 349 2590 convicium
375 2547 437 2589 non
464 2529 585 2592 leudem
611 2530 757 2606 postulet.
803 2529 908 2608 itaque
935 2529 967 2589 in
990 2529 1090 2590 verbis

70 2647 123 2702 μοι
149 2616 241 2698 καλός
267 2626 378 2687 vitium
405 2628 499 2686 latero
527 2625 656 2686 videtur.
703 2628 820 2688 accedit
847 2629 929 2705 quod
951 2649 1001 2706 μοι
1027 2627 1090 2687 ium

71 2741 166 2801 snpra
183 2717 305 2783 odfinit'.
338 2722 412 2800 quid
428 2723 473 2782 rei
492 2723 533 2783 sit
554 2723 730 2800 perspicies,
754 2724 781 2782 si
803 2727 905 2784 totum
927 2724 1090 2784 sententis·

71 2839 142 2882 rum
160 2839 308 2882 conexum
325 2820 532 2880 consideraris.
561 2821 683 2880 locutus
697 2824 763 2881 erat
777 2820 939 2898 Oynulons,
957 2839 1037 2881 unus
1056 2839 1091 2880 ex

73 2917 330 2996 deipnosophistis
349 2917 402 2995 qui
420 2917 503 2994 opud
520 2917 721 2978 Laurentium
739 2921 949 2994 convenerant,
968 2917 1092 2993 cynicus

74 3033 192 3092 semper
213 3015 344 3076 hominis
367 3014 563 3092 impudentis,
593 3016 819 3094 conviciatoris,
850 3015 967 3076 vorscis
989 3030 1091 3089 perso·

75 3131 146 3172 nsm
163 3131 266 3190 egens,
288 3113 342 3190 qui
359 3132 464 3174 verum
482 3130 572 3172 suum
590 3112 741 3174 Theodori
759 3131 868 3174 nomen
886 3109 1093 3172 dissimulasse

76 3209 203 3288 fingitur
233 3213 265 3270 et
291 3209 435 3272 moluisse
458 3209 607 3287 appellari
628 3211 805 3282 Κννοῦλκος
827 3211 846 3269 i.
871 3228 895 3268 e.
919 3207 1093 3286 cynicorum

77 3307 147 3368 dux„
179 3307 232 3368 ille
251 3307 348 3386 igitur
365 3308 495 3370 iusserat
513 3305 571 3368 sibi
588 3305 655 3366 dari
672 3299 728 3384 τῆν
745 3299 974 3383 πολυθρύλητον
991 3307 1094 3384 φακῆν

76 3409 106 3466 st
127 3398 180 3468 τὸν
201 3398 387 3484 καλούμενον
404 3399 520 3485 κόγχον.
562 3422 624 3482 quo
647 3405 730 3465 scoto
753 3421 823 3464 oum
845 3402 989 3465 convivus
1012 3401 1094 3464 risis-

79 3506 158 3580 sent,
182 3503 375 3564 vehementer
396 3503 428 3562 in
451 3521 502 3563 eos
524 3502 662 3562 invectus
687 3503 733 3561 est
752 3501 834 3579 quod
853 3499 987 3560 Timonis
1010 3500 1095 3560 sillos

81 3601 268 3678 ignorarent,
300 3599 333 3658 in
364 3599 476 3678 quibus
508 3595 618 3681 κόγχον
650 3599 734 3660 illius
765 3599 878 3660 mentio
908 3599 990 3658 sou
1018 3599 1096 3644 ²¹⁶⁰*-
