2548 4004
581 155 800 220 ..76-

184 321 297 399 optime
318 321 447 396 monuit,
465 339 545 379 nuno
563 318 734 378 aoouratius
752 317 893 395 exposuit
908 305 1191 393 Wilamowitzius²)‚

183 417 370 496 eolloquium
392 416 593 477 bellissimum
617 421 648 476 et
671 417 865 494 concitatum,
889 417 970 494 quod
988 417 1068 475 inter
1085 412 1193 473 Πενίαν

183 521 216 576 et
236 509 272 576 τὰ
291 509 457 596 Πρᾶγμοτα
475 515 601 592 fingitur
618 513 764 592 habitum,
786 533 847 591 qno
866 515 1092 575 demonstratur
1108 511 1193 588 plane

183 633 242 674 uon
266 613 377 673 habere
400 612 615 690 Paupertatem
639 629 694 671 our
715 612 911 690 lamentetur,
935 607 1192 688 apophthegmatis

183 710 366 788 quibusdam
399 729 478 787 quae
506 729 541 770 ex
569 710 744 788 cynicorum
771 709 863 769 ohniis
891 713 922 768 et
949 706 1088 795 diatribis
1109 705 1194 783 petiit

184 809 365 886 compilator
405 807 606 884 interpositis,
647 807 832 883 descriptum
868 809 916 866 est
951 804 1130 882 simpliciter
1163 821 1196 862 ex

184 907 288 968 Bionis
321 905 442 982 dialogo
471 905 602 982 quodem
630 903 790 965 Lueianeo.
837 923 897 981 quo
925 903 1040 962 adsoito
1068 900 1129 960 iam
1156 901 1196 959 in-
1261 948 1263 951 ,

184 1003 310 1080 tellegee
338 1002 412 1080 quid
435 1001 571 1062 eonvioia
594 1002 675 1078 apud
698 1000 864 1079 Diogenem
888 1019 961 1078 erga
982 1000 1110 1060 Bionem
1132 1017 1197 1077 pro-
1261 1044 1264 1061 .

160 1087 249 1160 'latu
271 1101 406 1160 valeant:
430 1099 584 1177 egregiam
606 1098 852 1176 npooououoetav
876 1096 1000 1158 adhibet
1021 1098 1086 1174 ille,
1106 1097 1199 1175 igitur
1263 1136 1265 1161 ο

182 1192 338 1274 θεατρικός
370 1195 469 1272 audit3
501 1213 596 1256 vanae
629 1196 741 1273 quibus
774 1197 910 1256 homines
938 1187 1197 1276 (philosophique)
1264 1238 1266 1259 ,

183 1294 280 1371 deoipi
303 1294 402 1354 solent
424 1293 581 1370 opiniones
605 1293 716 1354 evertit
737 1312 798 1354 nou
821 1312 923 1354 severe
947 1292 1129 1370 exagitando
1150 1292 1200 1352 sed
1242 1303 1247 1314 ·

182 1391 279 1452 tacete
297 1389 469 1468 deridendo,
492 1389 588 1467 igitur
608 1395 653 1449 eet
670 1384 764 1462 πολὺς
783 1389 815 1450 ἐν
828 1394 869 1474 τῷ
885 1390 988 1473 γελοίῳ
1004 1391 1201 1468 διαφορῆσαι;

180 1493 217 1548 ut
239 1488 406 1566 legentium
429 1487 655 1548 audientiumve
679 1488 796 1548 animos
817 1489 973 1565 peroellat,
996 1507 1056 1548 non
1080 1487 1203 1547 sublimi

184 1585 316 1646 dictione
348 1586 449 1646 utitur
480 1585 532 1645 sed
564 1586 630 1662 ipso
661 1603 797 1646 sermone
828 1587 974 1647 familiari
1005 1586 1202 1664 loquiturque

184 1683 223 1744 ad
251 1701 372 1744 sensum
399 1684 576 1762 popularem
599 1684 818 1761 vulgaremque
841 1676 1081 1764 accomodate²),
1108 1683 1204 1762 igitur

183 1786 311 1842 notetur
339 1783 490 1858 φορτικοῖς
518 1773 644 1856 ὀνόμασι
665 1772 739 1838 κατὰ
761 1782 821 1840 τῶν
843 1775 1023 1861 πραγμάτων
1045 1775 1203 1860 χρώμενος.

180 1897 260 1939 nuno
292 1878 323 1938 id
351 1897 472 1955 qnoque
500 1877 609 1937 melius
637 1877 801 1954 perspicies
829 1897 922 1956 quam
949 1879 1080 1957 contigit
1106 1897 1203 1956 nuper

180 1966 378 2056 Knaaokio⁸),
397 1975 471 2052 quid
490 1973 615 2034 tandem
634 1975 844 2035 similitudinis
858 1976 1063 2036 intercesserit
1076 1977 1204 2036 Bionem

180 2071 259 2132 inter
282 2075 313 2132 et
331 2071 502 2150 Horatium,
527 2072 581 2150 qui
603 2062 660 2151 (ep.
679 2072 711 2131 H
730 2075 759 2150 2,
779 2065 837 2154 60)
861 2073 971 2132 satiras
994 2091 1065 2132 snas
1089 2073 1205 2151 signifi·

179 2171 262 2232 eavit
287 2168 387 2230 verbis
415 2171 490 2230 setis
518 2169 599 2230 notis
629 2169 750 2246 quidem
778 2169 830 2229 sed
858 2191 918 2231 non
947 2171 1021 2230 satis
1045 2172 1206 2247 explicatis

174 2259 311 2329 ‘Bioneis
330 2267 519 2328 sermonibus
541 2271 573 2327 et
591 2267 654 2327 sale
672 2259 816 2348 nigro'⁴).
852 2266 884 2325 id
898 2268 1000 2344 ipsum
1013 2272 1116 2326 tamen
1137 2287 1207 2327 oum

179 2381 240 2422 non
263 2369 401 2424 nostrum
420 2363 578 2424 inventum
596 2364 638 2423 sit
655 2365 828 2424 aeonratius
846 2366 1009 2441 explanare
1026 2384 1087 2424 non
1105 2367 1207 2443 magis
1273 2356 1274 2361 ¹

181 2565 232 2618 ant
253 2565 299 2620 die
316 2565 407 2636 Klage
426 2567 496 2622 uber
514 2565 556 2620 aie
575 2570 739 2636 uutwortet,
758 2583 815 2622 von
833 2568 905 2623 Bion
923 2611 930 2623 .
946 2609 953 2621 .
972 2569 1024 2624 hat
1041 2568 1125 2624 'Peles
1143 2588 1208 2626 uue-

179 2643 379 2714 gerutrieben,
410 2645 471 2701 das
500 2644 637 2716 einaige
665 2646 771 2702 Stnok
798 2665 867 2704 von
899 2649 1023 2704 deeeeu
1052 2649 1208 2706 Schrift-

178 2723 362 2780 stellerei.’
693 2777 696 2784 .

254 2809 281 2872 1)
299 2805 432 2876 Astibos.
451 2823 478 2876 p.
498 2811 551 2862 296
570 2823 630 2876 sqq.

251 2887 279 2954 t)
297 2883 393 2940 Etiam
413 2883 443 2938 in
462 2885 547 2940 ebriis
566 2885 627 2941 eius
646 2886 723 2942 baud
737 2903 830 2956 panca
844 2887 949 2943 similia
962 2887 1073 2956 insunt3
1093 2895 1210 2959 praeter

178 2963 289 3021 Graeca
296 2963 362 3021 vide
373 2963 517 3034 Senem,
532 2966 566 3020 de
575 2967 717 3036 tranqueil
725 2971 810 3024 usin.
821 2975 847 3036 8,
858 2976 888 3023 2:
900 2967 984 3024 ‘Bion
997 2971 1147 3040 eleganter
1155 2973 1209 3041 ait,

178 3059 238 3100 non
266 3044 359 3102 minus
382 3045 533 3101 molestum
561 3061 623 3100 sese
646 3045 734 3102 calvis
758 3065 844 3117 qnam
867 3050 986 3105 comatis
1012 3049 1087 3120 pilas
1110 3052 1208 3120 velli';

179 3139 271 3194 neque
291 3122 412 3194 φορτικὰ
427 3121 556 3196 ὀνόματα
571 3125 685 3180 desunt:
703 3130 737 3182 nt
749 3128 803 3184 hou
817 3145 930 3198 ponant,
949 3129 1207 3188 ιαπαοκελετεῦειν

179 3201 253 3258 dixit
270 3204 347 3274 apud
364 3204 450 3272 Plut,
468 3207 501 3260 dr
519 3205 595 3260 ἤδη.
614 3207 691 3260 edna
710 3223 735 3263 o.
756 3213 789 3262 10
808 3224 857 3263 eo
862 3249 873 3276 ,
897 3207 948 3278 qni
966 3226 1081 3280 operam
1101 3211 1210 3268 frustra

176 3283 206 3336 in
223 3285 346 3352 negotiis
364 3284 514 3340 inutilibus
534 3289 711 3341 consumant.

146 3407 157 3418 .
247 3366 276 3430 ³)
294 3365 370 3418 anu.
389 3367 451 3420 wit
470 3381 498 3434 p.
518 3371 545 3420 t.

146 3447 171 3500 et
189 3445 274 3510 out)
292 3442 474 3499 Incredibilia
499 3443 588 3514 plene
604 3443 641 3500 de
656 3445 701 3500 hie
715 3448 812 3500 umas
825 3445 997 3503 &itachius
1010 3449 1031 3503 1.
1046 3467 1068 3504 s.
1083 3468 1112 3519 p.
1123 3449 1212 3522 XLII,

307 3523 400 3580 niort·
419 3523 540 3580 mitum.
