2548 4004
548 166 769 233 ..33-

150 343 261 408 ponere
294 347 396 390 omnes
428 325 700 413 πεααρῳδημίνους
732 349 850 409 versus,
884 331 937 392 sed
964 331 1070 392 curavi
1097 332 1184 396 sub-

150 427 283 488 iciendos
307 427 444 506 singulos
467 427 596 506 singulis
616 429 768 490 Timoneis
791 429 941 507 versibus,
966 449 1026 507 qua
1048 430 1182 491 ratione

151 541 238 600 sper-o
262 523 326 584 fore
349 527 386 585 ut
407 524 507 585 faceta
529 526 670 586 acumina
688 543 776 604 saepe
799 527 856 586 hac
874 527 1067 604 potissimum
1083 526 1117 591 iu
1138 549 1182 588 re

150 621 252 698 posita
288 622 475 682 commodius
511 627 542 683 et
576 623 697 699 planius
729 625 956 702 intellegantur.
1001 623 1182 685 Homerum

151 723 255 788 eutem
277 739 407 797 eumque
430 721 530 780 solam
553 739 571 780 a
592 720 717 782 Timone
738 721 905 804 παρῳδίαις
926 739 991 782 esse
1014 721 1181 782 detortum

150 833 211 876 non
229 819 277 877 est
294 835 348 876 cur
361 817 487 878 mireris.
514 834 645 894 namque
658 817 792 897 Homeri,
811 820 977 880 communis
995 819 1181 880 litterarum

150 913 253 992 fontis,
271 933 376 976 versus
392 918 423 974 et
436 913 588 974 laudando
608 919 639 975 et
652 914 836 976 deflectendo
850 920 882 976 et
895 916 928 976 in
941 917 1179 978 sermocinando

152 1014 182 1070 et
200 1010 407 1072 inscribendo
426 1011 634 1073 lubentissime
652 1013 837 1074 adhibebant
854 1031 925 1074 cum
943 1032 1046 1074 ornnes
1061 1012 1180 1074 Graeci

151 1107 205 1184 qui
227 1109 294 1170 toto
317 1107 406 1170 corde
429 1107 595 1170 Homerum
618 1129 636 1168 a
658 1110 760 1187 pueris
784 1115 954 1189 noscerent,
982 1115 1049 1172 tum
1070 1110 1178 1187 pbilo-

151 1204 239 1281 sophi
257 1205 368 1282 quibus
388 1206 509 1268 omuino
522 1208 653 1266 manime
671 1208 789 1284 placuit
806 1209 839 1268 iu
858 1209 967 1270 scholis
985 1208 1178 1286 scriptisque

121 1287 126 1298 ’
151 1302 283 1362 orationi
304 1321 409 1364 versus
431 1303 612 1382 immiscere,
642 1308 679 1365 ut
703 1304 841 1366 Socrates
865 1297 963 1385 (apud
985 1297 1176 1386 Platonem),

150 1399 240 1460 Plato
264 1391 316 1482 (cf.
329 1400 364 1459 L.
378 1400 414 1460 D.
429 1401 510 1462 1115
535 1406 705 1481 cunctaque
729 1403 825 1488 ipsius
848 1395 985 1484 scripte),
1008 1402 1176 1479 Diogenes,

151 1495 265 1575 Crates,
283 1498 370 1576 Bion,
389 1499 550 1577 Menippus
569 1493 621 1582 (de
642 1501 752 1579 quibus
771 1503 841 1578 post
859 1493 981 1582 dicam),
1000 1498 1176 1560 Carneades

150 1586 203 1674 (cf.
226 1595 259 1654 L.
283 1595 319 1655 D.
342 1596 387 1655 IV
407 1589 479 1680 64),
503 1597 629 1658 Ariston
651 1590 704 1680 (cf.
727 1599 761 1658 L.
784 1599 821 1658 D.
845 1598 889 1658 IV
913 1589 984 1680 33),
1008 1595 1175 1658 Cleanthes

150 1684 202 1772 (cf.
226 1693 259 1752 L.
283 1693 320 1754 D.
343 1693 403 1754 VH
428 1686 520 1776 ric),
550 1696 688 1773 inprimis
721 1699 825 1756 antem
856 1695 991 1756 'timonis
1022 1695 1177 1772 magister

150 1789 288 1866 Pyrrhon
306 1792 405 1869 quode
425 1811 526 1869 supra
537 1784 581 1873 (p.
598 1785 654 1875 16)
673 1793 743 1853 dixi.
775 1793 844 1854 inde
864 1793 958 1853 etiam
976 1793 1096 1852 tactum
1115 1797 1174 1870 est,

150 1891 187 1946 ut
208 1890 354 1964 permulti
376 1889 506 1968 singulis
532 1889 715 1951 carminibus
738 1890 888 1967 parodicis
911 1890 1001 1949 illum
1024 1889 1175 1966 exprime·

150 1988 226 2061 rent,
246 2004 307 2062 qua
325 1986 361 2045 de
384 2006 417 2046 re
440 2006 478 2046 ne
500 1986 640 2064 pluribus
664 1987 882 2066 disputandum
899 1987 941 2048 sit
959 1987 1100 2047 effectum
1124 1979 1175 2048 e'st

150 2084 254 2161 sagaci
276 2083 313 2144 A.
337 2085 479 2170 Welaudi
502 2085 713 2146 dissertatione
735 2087 770 2146 dc
786 2087 957 2160 praecatas
975 2085 1081 2160 parad.
1105 2085 1175 2145 Ho-

150 2183 246 2242 meris.
269 2183 460 2256 scortatoribus
482 2201 530 2258 up.
551 2183 604 2244 Gr.
628 2175 912 2266 (Gotting.1833).

216 2279 379 2342 Praeterea
400 2281 503 2358 opicae
522 2282 672 2360 quaedam
690 2281 851 2358 dictiones,
876 2280 981 2358 quales
1000 2282 1072 2340 sunt
1091 2269 1174 2356 ὁμῶς

150 2370 263 2452 ἄφατοί
282 2399 312 2437 τε
335 2378 426 2455 φατοί
445 2399 476 2439 τε
498 2370 550 2460 (fr.
564 2370 694 2461 XXXII)
717 2379 767 2440 vel
788 2371 856 2438 κάκ’
883 2373 1013 2458 ἐλέγχεα,
1034 2373 1174 2457 γαστέρες

151 2465 216 2533 οἷον
236 2465 286 2556 (fr.
301 2468 446 2557 XXXIII)
466 2477 515 2537 vel
533 2469 600 2537 teor
618 2469 734 2556 ἁπάντῃ
753 2466 805 2556 (fr.
820 2468 946 2558 XXXX)
967 2493 1003 2534 ex
1016 2474 1173 2535 Hesiodi

149 2571 334 2631 carminibus
373 2565 436 2654 (op.
465 2571 502 2634 ct'
517 2575 556 2634 dt.
585 2575 619 2652 33
651 2574 739 2648 lbcop.
768 2574 823 2651 26;
852 2565 937 2654 524)
975 2573 1172 2649 depromptae

152 2669 274 2746 quidem
297 2673 369 2729 sunt
391 2670 444 2730 sed
466 2671 591 2730 minime
613 2670 752 2731 deflexae.

217 2767 355 2826 Fuerunt
378 2767 512 2846 quidem,
537 2768 590 2845 qui
611 2771 732 2845 praeter
750 2765 926 2827 Homericos
948 2784 1054 2826 versus
1077 2766 1174 2826 etiam

152 2863 245 2924 alios
269 2864 404 2926 detortos
428 2883 492 2925 esse
512 2865 739 2943 contenderent,
762 2864 850 2926 velut
867 2864 1013 2942 tragicos,
1036 2862 1069 2922 id
1088 2865 1173 2940 quod

151 2961 323 3041 Drydenius
350 2962 474 3040 putavit
496 2962 528 3022 in
551 2963 804 3028 commentatione
827 2961 864 3021 de
887 2960 995 3038 satira,
1023 2960 1173 3038 Anglicae

151 3060 306 3122 Iuvenalis
324 3060 569 3138 interpretationi
586 3061 761 3139 praemissa,
780 3059 867 3120 cuius
881 3063 984 3118 tamen
1003 3058 1173 3118 sententiae

151 3175 249 3234 neque
268 3159 368 3218 ullum
386 3157 596 3220 testimonium
615 3159 722 3218 attulit
740 3176 837 3235 neque
862 3157 970 3216 afferre
986 3155 1098 3234 potuit,
1120 3158 1170 3216 rel

152 3255 353 3333 Empedoclis,
364 3256 527 3334 Theocriti,
542 3255 683 3328 carminis
698 3241 783 3316 aurei
795 3271 910 3331 versus,
926 3273 1055 3332 quorum
1069 3252 1173 3312 imita·

151 3352 245 3412 tionis
253 3373 358 3430 puper
370 3357 473 3414 extare
488 3353 546 3413 sibi
564 3353 716 3431 persuasit
728 3352 921 3430 Mullachius,
940 3353 1048 3426 quaet.
1062 3349 1173 3425 nape-

152 3451 223 3511 dccl.
246 3451 293 3529 H,
315 3471 344 3528 p.
369 3453 409 3510 29
427 3469 469 3528 sq.
493 3453 640 3512 nonnulla
663 3451 855 3532 documenta,
884 3467 961 3527 quae
985 3449 1047 3508 fere
1071 3447 1173 3508 omnia

151 3547 197 3607 ita
220 3551 395 3625 comparata
419 3552 503 3627 sunt,
527 3553 563 3608 ut
587 3549 613 3608 si
635 3549 711 3608 talia
735 3566 804 3608 cum
823 3546 975 3607 Timoneis
999 3545 1173 3623 conspirare
