2544 3998
571 248 613 258 -
661 213 726 277 140
772 249 814 260 —-
1073 237 1206 281 muorus

183 372 234 462 (fr.
248 368 383 459 XXXX).
415 377 477 437 ium
495 377 678 437 Laurentius
701 381 771 454 post
794 379 856 438 alia
879 397 957 456 quae
980 379 1016 439 de
1039 380 1207 457 proverbio
1254 397 1255 426 ³

182 470 269 536 τοῦιτὶ
291 477 326 558 τῇ
349 476 432 556 φακῇ
454 467 550 553 μύρον
577 476 717 551 exposuit
744 475 776 534 in
800 475 970 553 Cynulcum
997 495 1029 536 se
1053 478 1210 538 convertit

184 574 227 634 eis
240 572 341 635 verbis
354 591 477 633 exorsus
493 590 570 650 quae
586 591 678 649 supra
691 573 806 649 scripsi.
829 576 933 654 pergit
946 575 1053 635 deinde
1063 576 1208 654 Magnus,

184 672 263 731 alius
286 671 410 749 quidam
429 670 568 748 conviva,
592 671 649 730 ita:
673 662 689 731 d
709 665 763 749 μέν
782 664 870 731 πέντ’
895 666 1013 751 ἄριστος
1029 667 1209 753 Λαρήνσιος

184 762 291 841 ὀξέως
322 765 382 828 καὶ
412 770 528 841 καλῶς
554 760 735 847 ἆττήντησε
762 771 806 853 τῷ
833 763 998 849 γάστριδι
1025 767 1111 830 κυνὶ
1138 766 1210 847 περὶ
1255 782 1256 866 γ

183 869 236 928 τοῦ
267 860 385 948 κόγχου.
430 865 501 926 inde
533 864 665 926 efficitur
694 866 873 927 Larensium
906 867 1071 946 castigasse
1105 867 1208 945 cynici
1255 867 1256 932 l

185 964 366 1025 edacitatem
398 954 559 1045 (γάστριδι)
593 966 624 1024 et
655 964 860 1042 ignorantiam
892 956 964 1046 (οὐκ
996 957 1207 1047 ἐπιστάμενος)

185 1062 292 1124 acerba
320 1062 452 1140 quadam
480 1061 618 1122 irrisione
646 1081 682 1122 ex
705 1062 831 1123 Timone
858 1063 970 1140 petita,
1001 1082 1036 1122 ex
1061 1081 1124 1140 qua
1147 1062 1206 1141 Gy·

185 1162 293 1221 nuleus
316 1159 443 1239 fingitur
466 1160 527 1219 alio
551 1159 682 1236 quodam
705 1161 825 1220 nomine
844 1160 882 1219 ab
901 1161 990 1221 initio
1009 1165 1208 1238 nuncupatus

186 1277 258 1318 esse.
298 1257 379 1336 quod
401 1276 461 1317 non
484 1257 580 1334 ipsius
604 1256 732 1334 Cynulci
754 1277 863 1318 nomen
885 1259 1044 1336 proprium
1068 1258 1206 1320 Theodo-

185 1375 253 1414 rum
285 1346 336 1436 (ef.
360 1355 416 1414 XV
438 1375 467 1431 p.
493 1357 583 1433 669⁶,
608 1346 703 1436 692b)
738 1374 816 1432 esse,
849 1356 901 1416 sed
933 1356 1019 1415 aliud
1052 1357 1208 1434 quoddam

185 1453 361 1512 ioculariter
388 1453 580 1532 suppositum
606 1472 662 1531 per
685 1472 716 1513 se
739 1458 839 1531 patet,
868 1455 920 1515 sed
942 1454 974 1513 id
997 1455 1090 1532 quale
1112 1455 1209 1515 fuerit
1256 1471 1257 1518 ἑ

187 1551 291 1611 statim
314 1551 486 1630 apparebit,
509 1552 536 1612 si
554 1550 749 1612 Homericum
771 1553 873 1612 locum
896 1552 1045 1613 deflexum
1068 1553 1207 1630 inspexe-

185 1649 236 1709 ris.
283 1668 380 1710 sermo
413 1650 492 1710 enim
525 1653 572 1710 est
601 1650 633 1708 in
665 1649 727 1709 illis
755 1649 892 1710 versibus
921 1649 958 1709 de
984 1650 1034 1710 Iro
1067 1651 1207 1710 mendico

186 1747 457 1825 impudentissimo,
476 1748 530 1825 qui
549 1741 618 1825 μετὰ
638 1740 666 1807 δ’
688 1745 794 1827 ἔπρεπε
812 1744 955 1828 γαστέρι
973 1742 1090 1830 μάργῃ
1112 1743 1116 1827 Ι
1137 1742 1206 1825 ἄζη-

187 1841 234 1924 χές
249 1841 380 1926 φαγέμεν
393 1841 444 1905 καὶ
456 1841 559 1923 ττιέμεν
574 1836 607 1926 (σ
622 1848 650 1904 2.
667 1836 710 1926 3),
731 1845 784 1922 qui
803 1837 882 1917 εἶδος
897 1841 929 1905 δὲ
944 1839 1021 1924 μάλα
1040 1841 1153 1926 μέγας
1168 1834 1208 1923 ἦν

186 1935 335 2021 ὁράασθαι
355 1935 416 2025 (4),
440 1944 489 2003 cui
511 1946 609 2004 mater
627 1962 736 2003 nomen
751 1936 889 2020 Ἀρναῖος
907 1943 1040 2004 dederat.
1069 1936 1208 2021 Ἀρναῐος

187 2040 283 2119 igitur
295 2041 374 2101 alter
393 2042 514 2119 qualem
534 2035 669 2119 depinxit
686 2041 890 2118 sillographus
904 2041 1027 2102 videtur
1039 2041 1207 2100 Laurentio

188 2137 354 2217 Gynulous3
387 2139 474 2199 cuius
506 2139 710 2218 ignorantiam
743 2139 893 2216 quomodo
921 2140 1013 2198 simul
1039 2140 1209 2218 pupugerit

187 2237 309 2316 latebit,
336 2237 396 2298 nisi
423 2238 568 2298 statueris
588 2230 724 2315 Ἀρναῖος
746 2255 868 2314 nomen,
900 2236 981 2314 quod
1008 2239 1058 2298 rel
1087 2237 1209 2315 antiqui

102 2365 107 2374 ·
187 2336 378 2414 grammatici
393 2327 439 2416 (in
454 2335 546 2396 schol.
556 2334 663 2412 Odyss.
676 2335 697 2393 1.
712 2351 734 2394 s.
750 2338 781 2393 et
794 2334 895 2411 Etym.
905 2335 1006 2412 Magn.
1021 2327 1208 2414 p.144,1r)

188 2433 365 2520 derivarunt
392 2426 453 2495 τἰττὸ
481 2436 540 2493 τῶν
566 2426 683 2512 ἀρνῶν,
710 2424 750 2491 ἵν’
780 2420 800 2512 ᾖ
823 2426 979 2511 βληχῶδης
1005 2430 1057 2491 καὶ
1078 2425 1209 2510 ἠλίθιος,

124 2605 128 2612 ⁶
189 2530 346 2590 Timonem
368 2535 423 2591 eut
446 2530 587 2590 similiter
607 2531 756 2607 accepisse
777 2533 808 2589 et
827 2530 966 2607 apposito
988 2529 1120 2607 quodam
1145 2532 1208 2608 epi-

188 2626 273 2688 theto
305 2629 478 2689 accuratius
511 2630 686 2705 explanasse
720 2629 775 2686 aut
803 2626 835 2684 in
862 2620 979 2707 ἆρνειός
1007 2619 1041 2708 (i.
1066 2646 1090 2686 e.
1115 2621 1209 2708 aries)

189 2725 351 2786 deflexisse.
398 2727 440 2786 sic
468 2727 591 2788 tandem
623 2725 654 2784 id
687 2743 809 2803 quoque
840 2724 1012 2803 intelleges,
1046 2725 1121 2803 quid
1150 2725 1208 2786 sibi

188 2823 285 2885 velint
316 2825 409 2886 verba
440 2823 602 2885 Homerica
634 2815 724 2895 καλός
752 2843 782 2883 τε
809 2819 898 2902 μέγας
924 2843 954 2882 τε
985 2826 1137 2900 usurpata
1171 2823 1209 2882 ad

188 2923 357 2984 notandum
379 2924 505 2984 arietem
523 2923 555 2981 in
573 2940 629 2982 suo
649 2938 757 3000 genere
780 2919 950 2997 perfectum
971 2924 1003 2979 et
1021 2919 1207 2998 absolutum,

188 3023 275 3083 velut
305 3023 382 3083 dixit
406 3021 543 3099 Sophron
572 3011 623 3100 (fr.
648 3021 689 3079 96
714 3011 803 3099 Ahr.)
833 3012 986 3097 προβάτου
1013 3011 1209 3097 προβᾶτερον,

190 3113 252 3192 ὀϊὸς
275 3113 406 3199 ὄϊότερον
432 3111 496 3201 (vel
519 3122 556 3177 ut
578 3115 682 3176 Cicero
707 3111 900 3194 ‘germanum
924 3109 1058 3175 asinum’
1088 3117 1208 3193 seipse

190 3211 339 3301 vocavit);
368 3218 484 3278 accedit
506 3233 578 3276 sane
601 3213 683 3292 quod
705 3214 824 3292 etipse
847 3213 985 3273 Amaeus
1008 3231 1120 3292 magno
1144 3233 1208 3275 cor-

189 3333 262 3390 pore
285 3315 380 3375 fuisse
401 3315 440 3374 ab
453 3314 586 3375 Homero
609 3311 794 3389 perhibetur.
826 3312 901 3372 haec
920 3311 1021 3371 omnia
1039 3311 1115 3370 mihi
1133 3313 1208 3371 satis

191 3414 274 3470 certa
285 3413 437 3473 videntur.
470 3412 657 3473 dubitaveris
676 3415 787 3489 tamen,
806 3409 955 3488 quomodo
974 3409 1057 3485 ipsos
1072 3409 1208 3468 Timonis

191 3525 296 3569 versus
325 3512 355 3568 et
377 3508 527 3569 Athenaei
554 3509 646 3570 verba
673 3508 832 3585 restituas3
860 3507 1029 3585 compluria
1056 3507 1138 3566 enirn
1162 3526 1210 3566 ex-

191 3606 321 3684 cogitari
343 3611 479 3683 possunt.
517 3607 646 3684 exempli
669 3607 765 3667 instar
787 3606 849 3665 lusi
871 3605 959 3665 haec:
