2544 3998
571 227 614 238 -
662 191 725 256 128
772 225 816 238 --
1075 210 1206 254 butorus

185 356 270 435 gitur
296 354 378 432 apud
404 356 579 415 Terentium
602 353 674 413 Hoc.
697 352 729 413 11
754 357 782 432 1,
808 357 858 414 17.
903 355 967 413 iam
993 353 1091 433 igitur
1112 353 1207 414 homo

185 455 300 513 stultus
323 452 400 513 Asso
425 453 570 514 oriundus
594 451 707 530 optime
730 449 912 511 describitur
933 450 1035 512 verbis
1059 443 1209 528 μωλύτης,

186 549 272 623 λίθος
296 544 422 622 Ἄσσιος.
476 550 634 628 quaeritur
665 553 768 609 tamen
800 567 860 626 quo
893 544 989 608 ἐπέων
1019 547 1209 609 vocabulum

186 648 402 725 interpositum
423 649 583 727 pertineat.
620 646 695 706 mihi
712 645 836 707 ridetur
853 647 992 708 consulto
1010 646 1121 707 relatIo
1142 663 1208 706 esse

187 745 220 803 in
247 745 346 807 medio
374 747 488 806 relicta.
529 765 601 805 nam
623 745 655 804 id
678 745 704 804 si
727 743 766 803 ad
788 737 923 823 μωλύτης
944 745 1103 804 rettuleris
1126 762 1209 804 nova

187 843 323 903 exoritur
358 847 493 922 potestas
529 843 621 903 huius
655 841 797 902 vocabuli
829 841 994 903 derivanda
1026 859 1045 900 a
1077 835 1209 918 μωλύειν

188 931 402 1024 (debilitare)
417 974 459 984 -
479 959 540 1018 qua
559 944 684 1016 accepta
698 959 734 999 ex
748 938 915 1000 Herodiani
932 939 1041 1018 regula
1053 958 1083 1016 p.
1101 939 1209 1016 77,14

187 1037 290 1098 Lenta.
308 1039 421 1098 rectius
443 1031 577 1116 μυλυτής
595 1037 745 1097 scribetur
759 1042 848 1098 —et
865 1036 1085 1115 perstringitur
1099 1033 1208 1096 Clean·

188 1134 265 1213 thes,
289 1134 371 1212 quod
393 1134 518 1195 Homeri
541 1134 732 1212 aliorumque
754 1139 916 1212 poetarum
938 1135 1078 1213 egregios
1101 1151 1210 1195 versus

189 1232 353 1312 allegorice
384 1233 603 1309 interpretatus
635 1232 784 1310 infringat
815 1224 900 1313 (vide
932 1233 1105 1310 fragmenta
1138 1231 1212 1291 libri

189 1327 328 1406 περὶτοῦ
345 1331 469 1406 ποιητοῦ
487 1329 520 1388 in
537 1347 606 1388 mea
624 1333 781 1390 comment.
819 1329 855 1389 de
875 1330 993 1390 Zenone
1013 1333 1044 1390 et
1062 1329 1211 1390 Cleanthe

189 1426 206 1485 Ι
227 1446 257 1504 p.
284 1429 324 1486 17
349 1430 381 1487 et
402 1425 474 1486 ibid.
498 1427 534 1486 fr.
559 1429 577 1486 9
601 1447 631 1505 p.
657 1419 722 1509 16).
769 1428 925 1505 eleganter
951 1428 1043 1487 simul
1070 1431 1212 1505 respecta

190 1522 325 1583 eirisdem
349 1525 548 1601 explicatione
566 1523 744 1584 Homericae
763 1525 846 1586 vocis
866 1527 947 1602 μῶλυ
973 1543 1035 1603 qua
1052 1525 1213 1586 contendit

190 1620 243 1680 ille
262 1615 461 1702 σἰλλημοριιιῶς
484 1621 651 1699 δηλοῦσθαι
673 1614 836 1702 τὸνλόγον
859 1615 899 1680 δι’
925 1610 962 1682 οὗ
987 1613 1158 1700 postona
1182 1621 1215 1682 αἱ

190 1709 279 1796 ὁρμαὶ
300 1715 351 1778 aui
371 1711 408 1778 τὰ
430 1711 515 1797 ιιοὶθη
544 1711 596 1800 (of.
620 1718 761 1794 Apollon.
789 1719 846 1777 lex.
869 1717 991 1778 Homer.
1015 1740 1043 1780 v.
1067 1722 1153 1797 μῶλυ
1182 1723 1212 1779 et

190 1815 260 1876 ride
289 1815 507 1894 Sengebueehii
535 1815 605 1875 diss,
630 1814 751 1875 Homer.
775 1815 791 1874 Ι
813 1837 842 1892 p.
868 1809 925 1899 67)
958 1817 1087 1877 fortasse
1116 1818 1212 1879 etiam

191 1917 317 1974 notatur
339 1911 514 1989 Cleanthes,
547 1911 629 1990 quod
656 1912 694 1972 ad
720 1913 835 1990 placita
862 1931 918 1973 sua
946 1914 1123 1991 exponenda
1147 1933 1211 1974 car·

192 2010 274 2068 mina
302 2009 449 2087 condidit,
477 2009 509 2068 in
537 2010 647 2087 quibus
674 2011 786 2070 mirum
814 2014 963 2088 quantum
985 2016 1083 2072 metra
1108 2030 1212 2072 corru-

191 2107 279 2184 perit.
327 2107 374 2167 sin
397 2111 501 2168 autem
523 2107 606 2168 vocis
629 2101 763 2186 μωλύτης
786 2109 884 2168 altera
907 2109 1128 2187 significatione
1151 2129 1212 2171 ser·

192 2210 266 2266 vata
288 2204 327 2264 ad
345 2203 431 2277 λίθος
440 2199 560 2279 ’Ἇσσιος
577 2205 670 2266 verba
689 2209 825 2282 spectare
844 2203 1076 2285 statuminibus,
1098 2209 1214 2268 iterum

191 2303 301 2364 horum
315 2305 443 2364 alteram
456 2304 618 2382 perspicies
633 2303 898 2382 significationem
915 2305 994 2382 lapis
1009 2305 1090 2364 enim
1103 2305 1214 2366 Assius

193 2401 255 2460 fuit
277 2400 452 2460 notissimus
476 2394 666 2482 σαρκοφάγος
686 2402 798 2480 quippe
816 2402 849 2460 in
868 2421 928 2479 quo
948 2402 1087 2462 conditae
1107 2421 1214 2465 carnes

191 2498 332 2557 celeriter
350 2497 593 2558 absumerentur:
611 2499 648 2557 of.
667 2499 745 2578 Plin.
761 2499 831 2558 hist.
846 2503 907 2559 nat.
922 2499 1051 2558 XXXVI
1067 2503 1117 2578 17,
1135 2504 1215 2578 131ς

195 2594 338 2670 Stephon.
361 2594 432 2670 Byr.
456 2614 483 2653 v.
500 2588 606 2666 ’Ἀσσος
629 2586 713 2678 (inde
736 2597 841 2674 igitur,
865 2601 901 2657 ut
922 2598 981 2658 hoc
1004 2597 1125 2676 addam,
1150 2619 1215 2660 reo·

193 2691 257 2750 tius
281 2707 373 2768 quam
397 2689 540 2751 Straboni
557 2693 633 2752 XIII
655 2714 683 2770 p.
705 2692 800 2754 6100
824 2696 855 2753 et
879 2693 1032 2771 Stephano
1056 2696 1076 2753 l.
1097 2713 1118 2754 s.
1145 2715 1215 2757 oon-

192 2789 268 2868 tigit
289 2788 450 2867 intelleges
473 2789 574 2850 iocum
597 2791 763 2853 Stratonici
785 2791 970 2870 citharistae,
997 2792 1050 2870 qui
1073 2793 1217 2856 similiter

195 2891 289 2965 atque
311 2887 344 2946 in
367 2885 506 2947 Caunum
531 2888 638 2949 urbem
664 2893 743 2949 teste
767 2888 921 2966 Stephano
944 2911 972 2951 v.
996 2891 1121 2964 Καῦνος
1148 2913 1215 2954 ver·

194 3005 263 3047 sum
285 2985 480 3046 Homericum
502 2989 528 3044 Z
552 2989 614 3047 146
639 2987 671 3046 in
694 2987 807 3046 Assum
828 2986 936 3046 urbem
958 2985 1084 3047 Homeri
1105 2991 1130 3046 Z
1152 2991 1214 3050 143

196 3089 228 3144 et
249 3087 277 3143 Τ
291 3086 355 3144 429
375 3083 468 3144 verba
481 3077 594 3144 ’Ἀσσον
612 3077 657 3144 ’ὥθ’
680 3078 720 3156 ὥς
738 3104 790 3144 κεν
807 3086 925 3144 θᾶσσον
943 3076 1072 3163 ὀλέθρου
1090 3079 1213 3164 πείραθ’

196 3180 278 3259 ἵκηαι
304 3172 447 3262 detorsit)
471 3227 477 3240 .
502 3181 631 3240 similem
661 3200 733 3242 vero
761 3181 824 3242 vim
853 3185 945 3260 atque
974 3183 1156 3261 sarcophagi
1175 3183 1216 3266 ¹in

196 3279 352 3356 cadavera,
369 3279 402 3338 in
421 3275 476 3356 ἔπη
496 3279 630 3339 exercuit
648 3277 809 3340 Cleanthes
829 3279 946 3339 duabus
964 3279 1027 3338 illis
1046 3279 1217 3341 rationibus

198 3394 273 3454 quas
297 3395 390 3454 supra
413 3377 546 3454 exposui.
582 3381 740 3454 praeterea
762 3377 862 3437 neseio
887 3395 926 3436 an
943 3377 1078 3456 maligne
1101 3382 1217 3456 etymo·

196 3472 297 3551 logica
329 3492 450 3550 quoque
482 3475 584 3535 studia
612 3472 767 3535 Cleanthis
799 3466 856 3558 (de
889 3475 999 3552 quibus
1032 3475 1102 3536 vide
1130 3476 1217 3536 Varr.

197 3570 235 3630 de
257 3570 330 3650 ling.
353 3571 407 3631 lat.
430 3572 459 3630 V
479 3576 497 3633 9
522 3577 554 3633 et
576 3573 740 3651 specimina
764 3573 914 3652 quaedam
936 3575 972 3634 fr.
993 3575 1011 3634 6
1034 3576 1065 3633 et
1085 3566 1143 3656 18)
1167 3593 1217 3652 pe·
