2542 3996
102 207 358 252 raxxxxvnn.a
496 219 533 228 —
583 182 645 248 167
695 219 733 228 -

102 342 139 410 τὰ
169 343 287 427 τέτταρα
314 340 389 427 πρὸς
416 350 476 420 τοῖς
503 341 668 424 εἰρημένοις
694 347 752 426 γῆν
778 342 947 424 προστιθείς
973 340 1120 425 τέταρτον.

104 448 210 525 Itaque
237 449 312 524 quot
334 445 437 523 potuit
459 446 506 506 tot
529 444 629 523 coegit
652 433 723 525 (lion
745 441 848 504 ἔσθενε
871 437 994 504 τοσσάδε
1018 436 1117 525 ελλων)

105 545 256 604 elementa
279 562 375 621 eaque
399 562 435 603 ex
458 542 584 603 arbitrio
608 560 663 602 suo
687 533 802 623 (ἀρχων
822 532 878 622 ἀς)
897 541 1057 602 constituit
1075 541 1121 602 lta

103 645 281 718 comparata
303 646 340 702 ut
362 641 431 701 aliis
453 640 625 719 indigerent
644 631 811 720 (ἐπιδευέας
829 630 950 721 ἀλλων),
973 657 1042 700 eum
1061 639 1121 700 ain·

105 740 179 818 gula
210 757 265 816 per
292 757 324 799 se
351 738 428 798 nihil
454 741 578 815 possent
603 755 761 815 procreare
789 737 842 798 sed
869 738 968 797 solum
992 729 1122 816 Ἀνάμκη

104 836 290 916 moderante,
314 837 406 897 simul
430 834 518 918 Φιλίᾳ
540 839 596 896 ant
618 835 721 896 Νείκει
743 836 875 913 impulsa
898 825 950 916 (of.
972 834 1121 910 Theophr.

103 935 191 1012 phys.
211 954 258 1012 op.
277 935 313 994 fr.
333 936 352 994 3
371 955 401 1012 p.
420 935 494 1011 478,
516 937 533 993 1
553 934 646 993 Diels.
670 939 702 995 et
719 932 787 994 Aet.
806 935 883 1011 plac.
902 932 976 1010 phil.
995 932 1011 992 Ι
1031 933 1083 1010 26,
1103 934 1120 990 1

103 1053 132 1108 p.
158 1032 239 1090 321·
264 1023 329 1112 13).
376 1031 467 1090 simul
489 1034 592 1091 tamen
615 1032 783 1110 castigatur
804 1031 1012 1108 Empedoelea,
1040 1028 1123 1107 quod

103 1129 170 1206 ipse
195 1129 283 1206 quasi
305 1147 357 1188 rex
380 1129 418 1188 ab
441 1127 651 1207 Agrigentinis
678 1130 843 1189 honoratus
866 1120 981 1210 (ἀρχων
1004 1120 1056 1203 ὥς,
1084 1126 1121 1184 ef.

104 1226 206 1286 Laert.
237 1225 325 1304 Diog.
348 1225 425 1286 VIII
455 1217 511 1308 73)
548 1225 580 1286 in
614 1245 719 1286 eorum
751 1227 874 1290 olvitate
907 1223 1123 1285 democratiam

104 1314 240 1404 (ἰσότητα
262 1314 413 1400 πολιτικὴν
436 1321 536 1383 Laert.
555 1323 631 1384 VIII
652 1317 707 1406 72)
736 1324 907 1401 constituit,
936 1323 980 1383 ita
1006 1326 1043 1382 ut
1070 1339 1122 1398 po·

104 1421 237 1482 tentiam
267 1419 459 1481 multitudini
486 1413 557 1501 (ὅσα
578 1419 683 1482 ἔσθενε
704 1417 828 1483 τοσσάδε
851 1413 951 1502 είλων)
975 1421 1124 1480 tribueret

104 1523 137 1580 et
159 1518 321 1595 imperium
344 1537 435 1594 penes
455 1535 505 1578 eos
524 1537 589 1579 esse
605 1520 700 1581 vellet
719 1518 829 1597 quibus
847 1519 921 1595 ipsis
940 1519 1122 1595 imperatore

104 1634 183 1693 opus
206 1619 286 1675 esset
309 1605 477 1696 (irrideatur
498 1609 618 1698 ἀλλων).
637 1647 672 1658 -
695 1617 772 1677 hane
795 1616 1020 1677 cavillationem
1041 1614 1123 1674 deni-

104 1733 165 1792 que
190 1713 284 1774 etlam
307 1711 492 1774 aoerbIorem
514 1714 646 1774 reddidit
669 1713 922 1790 annominatione,
947 1732 1024 1790 quae
1043 1713 1124 1771 inter

103 1806 207 1889 ἀρχων
230 1815 262 1871 et
284 1804 376 1890 ἀρχάς
397 1811 490 1872 rerba
513 1813 669 1890 eleganter
691 1811 859 1872 intereedit.

603 2165 629 2224 L

151 2281 189 2348 ἐκ
212 2275 244 2347 δ’
270 2277 335 2369 ἀρα
357 2284 426 2350 τῶν
448 2278 625 2350 ἀπέκλινεν
648 2278 667 2351 ὁ
691 2281 820 2365 λαξόος,
843 2278 1101 2366 ἐννομολέσχης,

152 2384 322 2472 Ἑλλήνων
346 2387 513 2475 ἐπαοιδός,
536 2385 779 2477 ἀκριβολόγους
802 2384 995 2474 ἀποφήνας,

152 2489 281 2580 μυκτὴρ
305 2495 561 2582 ῥητορόμυκτος,
584 2489 766 2573 ὑπαττικὸς
789 2490 997 2580 εἰρωνευτής.

177 2695 263 2740 raer.
287 2678 458 2739 Laertius
477 2679 578 2758 Diog.
597 2680 629 2739 Π
647 2682 685 2740 19
705 2680 816 2756 Δοῦρις
839 2675 872 2738 δὲ
894 2675 946 2738 καί
967 2675 1125 2737 δουλεῦσαι

105 2769 201 2837 αὐτὸν
232 2773 282 2836 καί
313 2770 496 2857 ἔργάσασθαι
522 2777 640 2849 λίθους’
668 2768 747 2836 εἶναί
770 2797 800 2836 τε
827 2768 919 2838 αότοῦ
946 2772 997 2834 καί
1019 2766 1070 2846 τάς
1093 2770 1127 2833 ἔν

104 2866 268 2952 ἀκροπόλει
295 2866 425 2952 Χάριτας
453 2872 529 2935 ἔνιοί
557 2889 649 2953 φασιν
676 2868 874 2952 ἐνδεδυμένας
902 2866 1001 2943 σόσας.
1051 2864 1127 2930 ὅθεν

106 2967 159 3030 καί
185 2971 306 3049 Τίμωνα
328 2968 362 3032 ἐν
382 2976 445 3044 τοῖς
467 2971 574 3045 σίλλοις
598 2971 702 3032 εἰπεῖν·
727 2967 780 3031 (ἔτι
804 2963 832 3030 δ’
857 2999 894 3010 -
916 2959 1127 3046 εἶρωνεντῆίλ“

107 3056 148 3147 ἦν
170 3061 227 3148 yolo
250 3066 299 3128 καί
322 3066 356 3129 ἐν
378 3073 439 3142 τοῖς
461 3068 626 3150 ῥητορικοῖς
648 3062 760 3145 δεινός,
789 3060 830 3140 ὥς
852 3082 927 3145 φησι
949 3061 1000 3124 καλ
1018 3057 1127 3140 Ἰδομε-

108 3159 188 3240 κεός.
226 3165 391 3228 Clemens
414 3167 513 3228 Alex.
537 3171 640 3229 strom.
658 3167 675 3226 I
695 3169 745 3245 14,
766 3168 808 3227 63
826 3186 855 3243 p.
877 3165 952 3242 129,
972 3163 1014 3223 50
1034 3161 1127 3241 sylb„

108 3265 174 3326 352
199 3264 281 3326 Pott.
301 3258 467 3345 Ἀρχέλαος,
495 3255 532 3327 οὗ
555 3258 717 3344 Σωκράτης
740 3256 910 3342 διήκουσεν·
935 3257 989 3322 «ἐκ
1012 3254 1040 3321 δ’
1066 3254 1125 3341 ἀρα

112 3393 151 3404 -
178 3356 349 3436 δπαιοιδός»
378 3356 396 3425 ό
421 3363 521 3442 Τίμων
544 3362 637 3441 φησίν
660 3358 694 3422 ἐν
715 3364 776 3434 τοῖς
799 3361 906 3434 σίλλοις
929 3351 980 3420 oet
1002 3351 1034 3420 τὸ
1055 3350 1129 3420 ἀπο·

109 3455 274 3520 nariam
297 3452 356 3522 ἀπό
379 3463 439 3521 τῶν
462 3461 598 3538 φυσικῶν
620 3454 669 3518 ἐπί
691 3451 726 3519 τὰ
747 3450 851 3536 ἠθικοί.
893 3455 1026 3518 Sextus
1048 3456 1132 3516 Em-

108 3559 174 3638 pir.
198 3557 265 3620 adr.
289 3557 388 3637 dogm.
412 3558 466 3618 Ia
491 3558 544 3618 τοῦ
567 3552 600 3618 ol
623 3549 737 3634 vitereio
760 3549 854 3634 μόνον
877 3550 1038 3634 ἐπεμελεῖτο
1061 3554 1128 3612 Σω-
