2542 3996
80 248 131 289 ru.
145 247 193 289 mr
470 259 512 268 -
562 221 623 286 197
672 258 713 268 -

154 397 181 435 v.
202 387 216 435 1
240 377 328 451 ιιρήτη
351 399 393 442 τις
410 381 462 451 Ap.
486 382 490 449 Ι
515 375 595 441 πόλις
619 375 677 433 ἔστι
697 376 789 432 Laert.
810 378 861 447 Ap,
882 377 1005 449 (Olem.)r
1033 374 1095 449 γαῖ’

81 469 142 528 ἔστι
156 469 246 537 Dem.‚
264 467 348 537 πολιή
365 463 420 524 ὀτι
433 466 527 524 Moser
544 466 575 520 iu
589 465 693 522 Daubii
711 471 740 522 et
754 466 882 522 Creuzeri
900 467 973 522 stud.
988 469 1043 524 vol.
1059 467 1097 522 VI

79 577 107 629 p.
125 564 177 614 ολδ
194 561 198 626 Ι
214 559 309 613 οἴνοπι
326 555 422 630 πόντῳ
441 556 535 612 Laert.
554 555 674 611 Vindob.
691 557 762 625 1061
781 559 1008 612 ΤΤΦιοΤωΝΤω
1029 557 1056 626 (ἱ.
1072 575 1096 615 e.

80 647 163 718 τύφῳ
193 641 287 719 πόντῳ
312 644 428 700 minime
452 645 527 714 quod
549 643 641 701 voluit
663 644 694 702 0.
713 643 785 700 Iahn
811 640 892 720 τόφφ
914 647 1019 716 omitto)
1043 646 1095 716 Ap.

81 736 142 792 cod.
163 735 237 790 Flor.
256 738 374 804 uterque
392 736 422 791 et
439 734 545 790 Victor.
562 738 626 810 lv.
646 740 663 788 2
687 736 855 805 περίρρυτον
877 731 965 790 οὐδὲν
983 734 1096 804 scripsi:

81 826 249 895 περίρρυτος
267 827 425 894 (περίρυτος
442 821 534 880 Laert.
553 823 582 879 B
600 826 630 879 et
648 824 677 878 P
693 821 755 896 [aed
769 822 798 879 in
817 824 870 881 hoc
889 841 925 878 un
942 830 957 878 1
977 824 1097 880 alterum

80 935 96 985 ρ
116 913 246 986 spretui)
265 908 351 970 οὐδὲν
369 911 448 980 1ibri;
467 914 650 983 περίρρυπος·
670 908 757 969 οὐδέν
774 911 808 967 Η.
829 911 988 983 Stephanus
1006 915 1016 982 l
1033 931 1059 968 r.
1079 919 1095 967 8

81 1002 194 1058 εἰσπλεῖ
209 1000 303 1073 μωρὸς
321 997 394 1073 ἀνὴρ
411 997 567 1073 παρόοιτος
580 1002 672 1057 Laert.
687 1001 718 1056 F
731 1003 736 1073 Ι
752 998 859 1072 μάργος
874 1001 985 1074 scripsi:
1004 997 1097 1073 μοιρός

80 1091 147 1147 libri
169 1091 179 1161 fl
205 1095 269 1147 τί
296 1089 388 1162 πόρνη
413 1087 624 1161 ἔπανοιλλομένη
643 1087 772 1146 Meinelre
796 1090 893 1160 philol.
913 1089 966 1145 XV
983 1109 1011 1161 p.
1030 1095 1095 1157 ³³53

82 1179 191 1249 poteris
214 1175 319 1248 πόρνος
342 1200 383 1242 τις
405 1175 595 1249 ἀγαλλόμενος
621 1185 625 1250 l
647 1177 753 1248 πόρνος
775 1179 870 1251 Bergk
891 1180 921 1233 in
940 1179 1030 1249 Lyric
1050 1177 1095 1234 Gr.

80 1269 148 1325 edit.
163 1270 228 1323 tert.
244 1268 308 1324 coll.
323 1265 408 1323 Olem.
423 1267 443 1324 l.
459 1285 493 1323 s.:
507 1265 614 1338 πόρνης
630 1266 696 1322 libri
712 1270 717 1338 Ι
734 1263 955 1338 ἐπαγελλόμενος
968 1267 1060 1323 Laert.
1074 1268 1096 1334 f,

81 1353 291 1428 ἐποροιόμενος
304 1355 466 1414 dubitanter
479 1356 607 1412 Mcinelre
621 1355 640 1410 1.
652 1374 672 1410 s.
687 1359 762 1426 luo
777 1353 874 1427 θυμόν
889 1358 983 1412 Laert
993 1357 1028 1412 H
1033 1353 1097 1424 (θό-

79 1466 135 1516 μον
155 1462 225 1503 corr.
240 1462 274 1500 ex
286 1443 383 1516 θυμὸν
398 1446 435 1513 Ρ)
448 1447 459 1514 l
472 1464 498 1501 v.
509 1450 561 1500 6.’ί
580 1439 727 1514 ἀλλήλους·
748 1444 813 1516 περὶ
831 1442 939 1501 τοόιοιν
958 1441 1009 1516 erip
1024 1441 1098 1502 όπλιι

78 1534 243 1604 νέιιτηνται·
268 1534 333 1604 περὶ
355 1530 492 1605 τέρματος
514 1533 591 1588 libri:
621 1533 876 1604 interpunctionem
900 1551 970 1591 corr.
989 1534 1095 1606 Bergk3

78 1619 221 1694 ἀλλήλους·
256 1620 301 1679 ἐπὶ
330 1622 441 1686 τοότοις
469 1617 521 1692 οὐχ
549 1617 622 1678 όπλοι
649 1621 813 1693 κέκτηνται,
847 1619 894 1678 ἐπὶ
921 1621 1039 1694 τέρματι
1066 1620 1095 1680 δ’

78 1713 203 1768 lieibom
222 1714 231 1782 ΙΙ
249 1730 276 1767 r.
297 1719 311 1767 '1
331 1705 396 1767 οὐδ’
417 1711 512 1783 Bergk
532 1714 536 1780 Ι
556 1712 707 1780 ιιίιιτηνιαι
726 1710 796 1766 mihi
814 1713 995 1781 suspectum!
1012 1708 1058 1784 οὗ]
1078 1706 1095 1781 ἢ

77 1801 203 1857 Meibom

149 1960 245 2003 corin.
283 1942 392 2002 Paucis
425 1959 502 2020 quae
534 1961 613 2002 nuuc
645 1942 684 2010 in,
705 1942 752 2002 his
780 1942 898 2003 mutavi
928 1942 1094 2003 defendam.

80 2062 107 2102 v.
133 2043 151 2100 2
183 2033 273 2100 οὐδὲν
299 2037 407 2118 ἔχουσα
429 2057 528 2118 neque
550 2044 620 2116 post
642 2039 740 2117 πίειρα
762 2039 878 2100 dictum
900 2040 973 2100 ferri
995 2044 1097 2118 potest

80 2156 273 2216 nequedum
294 2158 322 2197 v.
347 2138 366 2196 5
391 2138 560 2198 concordat.
600 2138 705 2216 itaque
730 2155 803 2216 pera
824 2138 932 2215 nequit
954 2134 1095 2199 contendi

82 2236 204 2296 omniuo
229 2234 339 2294 hubem
357 2235 443 2314 nihil,
466 2235 518 2295 sed
537 2236 635 2295 solum
653 2239 752 2296 certae
772 2235 928 2295 cuiusdam
945 2235 990 2295 rei
1008 2236 1097 2314 nihil3

82 2351 162 2412 quae
186 2332 286 2410 qualis
310 2332 350 2393 sit
372 2352 408 2392 ex
430 2336 541 2394 natura
562 2334 746 2411 placitorum
769 2333 860 2392 huius
881 2336 980 2393 sectae
998 2337 1097 2410 patet:

80 2431 219 2500 luxurias
256 2431 333 2490 nihil
368 2432 461 2492 habet
497 2432 547 2493 vel
580 2430 792 2491 abundantiae.
847 2431 958 2491 idcirco
990 2431 1097 2509 scripsi

10 2577 11 2580 η
79 2528 258 2608 περίρρυτον
289 2522 378 2590 οὐδὲν
409 2525 531 2607 ἔχουσα,
564 2528 645 2606 quod
671 2527 832 2588 Homerico
859 2548 950 2590 versu
977 2530 1096 2590 detorto

80 2626 160 2686 idem
179 2626 280 2687 valere
298 2627 431 2687 voluerit
450 2625 555 2686 Crates
575 2630 666 2703 atque
685 2626 761 2685 dixit
775 2626 1036 2687 Plutarchus-Per.
1055 2629 1094 2687 16

80 2717 205 2797 οὐδενὸς
234 2721 444 2802 περιρρέοντος.
490 2724 533 2784 sic
561 2724 651 2784 simul
677 2725 808 2784 alterum
830 2725 972 2785 mendum
995 2729 1097 2786 sustu-

79 2822 179 2882 lims.
217 2821 346 2880 nimium
364 2841 435 2883 vero
454 2825 509 2900 est,
528 2821 610 2900 quod
628 2821 819 2883 intolerabile
837 2840 908 2881 saue
926 2823 1097 2901 περίρρυτος

79 2919 228 2980 taditum
255 2923 414 2980 mutarunt
441 2921 472 2980 in
499 2919 692 2996 περίρρυπυς;
723 2921 894 2996 squalorem
921 2919 977 2980 hoc
1001 2919 1096 2997 potis·

80 3015 191 3075 simum
220 3018 355 3093 tempore
382 3016 481 3094 cynici
507 3017 636 3076 fortasse
663 3017 849 3094 pronihilo,
882 3015 935 3076 sed
957 3035 1018 3077 nou
1039 3037 1095 3096 pro

79 3111 229 3172 laudabili
246 3113 328 3174 vitas
346 3115 451 3174 decore
470 3114 629 3174 duxeruut.
646 3145 685 3156 -
701 3113 844 3192 Pergitur
862 3117 964 3174 autem
981 3115 1095 3192 optime

80 3209 117 3270 ad
139 3210 247 3286 procul
270 3210 441 3272 hubaudum
463 3212 494 3271 id
516 3230 612 3290 genus
634 3211 790 3270 homiuum
813 3211 895 3289 quod
917 3212 957 3272 ad
976 3230 1094 3272 omnem

79 3307 233 3366 luxurium
252 3309 394 3368 advolare
413 3309 537 3369 solitum
556 3311 611 3387 est,
630 3307 832 3385 parasitorum
850 3313 881 3368 et
894 3307 1096 3370 cinaedcrum.

13 3465 17 3494 P
79 3404 130 3464 sed
163 3405 275 3464 stultos
308 3425 372 3466 esse
405 3406 555 3483 parasitos
588 3405 657 3483 quis
690 3406 809 3468 audiuit
833 3406 882 3466 vel
914 3406 1096 3468 crediderit?

79 3501 244 3578 perlustres
276 3503 399 3580 longam
432 3503 637 3580 epithetorum
670 3502 789 3582 seriem,
821 3523 914 3581 quam
944 3506 1096 3584 congessit

14 3662 17 3671 ,
78 3615 176 3676 nuper
197 3600 402 3676 parasitorum
424 3600 591 3679 descriptor
608 3601 783 3662 verissimus
802 3607 833 3662 et
852 3602 1095 3680 elegantissimus
