2548 4004
381 173 386 180 .
476 240 481 248 Ι
561 146 719 224 ’,ρο
767 182 809 190 -

188 312 314 372 Timone
346 311 522 371 lacessitum
548 309 699 390 Diogenes
727 301 786 391 (IX
810 302 889 392 115)
916 309 1013 370 tradit
1044 311 1223 372 laudatum

188 428 266 486 esse;
297 410 402 486 itaque
435 409 473 468 ad
505 409 585 468 hunc
614 408 727 467 librum
755 408 854 468 refero
883 408 965 486 quod
992 409 1115 486 scripsit
1143 411 1223 470 Nu·

186 455 371 589 menius(p.
391 509 432 568 33
457 497 619 588 Thsding.)
642 524 691 583 ap.
712 505 824 568 Euseb.
842 524 947 581 praep.
971 523 1011 566 co
1033 506 1108 566 XIV
1133 511 1168 587 6,
1192 511 1217 569 ὅ

186 625 225 682 ρ..
233 596 312 666 7311‘
326 599 473 677 Μνασέας
486 601 536 664 κοιλ
552 597 719 684 Φιλόμηλος
732 600 782 664 aul
798 603 917 682 Τίμων
935 601 967 664 ολ
978 601 1129 665 σκεπτικοί
1143 621 1216 667 σιοε-

186 693 291 762 miste
314 694 414 764 αὐτὸν
425 692 644 782 (Arcesilaum)
662 694 978 780 προσσνομοζονσιν,.
997 696 1218 782 ,ἀναιροῦντα

186 795 237 860 aul
259 791 351 866 αυτὸν
372 791 405 858 τὸ
428 792 539 876 ἀληθὲς
561 791 660 858 κοιλ
633 796 798 875 reperirier
819 791 920 858 καλ
892 821 924 860 ιο
942 793 1086 860 πιθανόν.
1123 801 1218 861 simi-

185 896 257 958 liter
280 897 395 962 scimus
423 887 475 977 (cf.
499 897 533 956 li.
556 896 593 954 D.
616 896 705 956 1112
688 886 723 977 2)
752 915 770 955 a
794 895 996 974 Speusippo
987 917 1020 956 in
1043 887 1220 973 Πλάτωνος

186 983 364 1076 περιδιίινῳ
387 993 547 1054 Platonem
573 993 784 1070 praedicatum
811 1011 888 1070 esse;
917 995 970 1054 sed
993 995 1047 1073 qui
1070 995 1217 1058 Timonis

186 1109 285 1152 mores
305 1094 478 1168 perspectos
497 1089 589 1151 habet
607 1090 697 1150 facile
716 1090 775 1150 sibi
796 1081 1000 1170 persuadebit,
1015 1087 1215 1170 Ἀρκεσιλάου

185 1187 375 1265 περίδειπνον
407 1207 468 1248 non
505 1189 604 1248 solum
638 1188 745 1248 laudes
777 1187 926 1256 Arcesilai
958 1183 1098 1267 sceptiois
1132 1209 1215 1252 sane

186 1304 298 1363 magna
322 1289 472 1362 exparte
491 1285 638 1346 simillimi
664 1289 696 1346 et
714 1285 900 1366 δογμαιινσῐς
922 1287 1112 1346 infestissimi
1135 1306 1214 1349 οοιι-

186 1384 315 1445 tinuisse
346 1386 399 1445 sed
426 1385 519 1447 etiam
547 1385 575 1445 ei
602 1384 839 1462 repugnantium
860 1384 1147 1462 philosophorum'
1137 1388 1213 1446 irri-

188 1481 294 1542 siones.
328 1501 421 1561 quani
439 1483 478 1543 ad
496 1502 560 1543 rem
579 1482 701 1543 δεῖπνον
719 1480 912 1558 aptissimum
929 1481 999 1559 fuit,
1018 1482 1105 1542 cuius
1124 1483 1214 1546 inter

186 1578 331 1657 κομψείας
354 1581 526 1641 aliuciano
550 1570 763 1662 (Promotus)
787 1568 947 1656 σκώμματα
969 1575 1018 1639 καί
1040 1573 1072 1639 τὸ
1097 1579 1212 1642 διασιλ-

186 1676 299 1738 λαίνειν
320 1673 372 1738 κοιλ
394 1674 531 1758 ἐπορελᾶν
552 1678 737 1753 referantur,
766 1676 799 1734 in
823 1695 883 1752 quo
906 1669 1053 1756 ζητήματα
1075 1680 1211 1755 proponi

186 1775 278 1834 solita
300 1775 362 1834 sint
385 1776 585 1852 certatimque
604 1774 776 1835 a.oonvivis
796 1773 885 1851 solvi,
908 1774 941 1833 iii
964 1775 1051 1834 cuius
1074 1776 1210 1838 formam

185 1871 297 1931 ideirco
320 1871 456 1932 irrisoria
480 1872 613 1932 carmina
635 1871 810 1948 frequenter
833 1875 905 1931 sunt
927 1873 1057 1932 redacta.
1105 1875 1209 1953 suspi-

186 1971 272 2028 cetur
298 1968 395 2048 igitur
423 1969 575 2047 quispiam
601 1988 661 2029 non
689 1969 791 2045 inepte
819 1969 899 2028 huiic
926 1969 1039 2030 librum
1063 1971 1210 2034 similiter

186 2070 395 2143 comparatum
426 2067 521 2138 fuisse
552 2070 645 2144 atque
672 2064 818 2126 Varronis
848 2071 984 2127 saturam
1010 2067 1209 2146 Menippeam

186 2163 352 2227 Μενίππου
374 2159 490 2243 ταφήν,
520 2166 607 2226 ouius
633 2164 766 2224 indolem
790 2165 949 2241 descripsit
971 2163 1044 2225 Otto
1068 2167 1209 2228 Ribbeck

184 2279 261 2322 mus.
281 2263 374 2322 Rhcn.
393 2263 466 2322 XIV
483 2283 512 2340 p.
534 2264 596 2323 126
610 2281 667 2340 sq,
690 2281 788 2339 neque
811 2281 993 2341 magnopere
1016 2263 1207 2341 discrepasse

185 2378 203 2418 a
236 2360 321 2420 sillis.
367 2379 474 2422 verum
509 2360 647 2421 versibus
684 2378 723 2418 an
760 2361 862 2420 soluta
899 2361 1033 2421 oratione
1072 2362 1208 2439 scriptus

184 2457 278 2518 fuerit
300 2457 390 2535 liber,
414 2477 474 2518 non
497 2457 602 2534 liquet.

253 2553 302 2614 Sic
324 2554 376 2615 via
400 2555 486 2632 quasi
509 2554 701 2631 praemunita
729 2555 806 2614 nihil
828 2556 955 2632 impedit
978 2557 1140 2634 quominus
1165 2559 1207 2618 ad

56 2629 59 2637 “
185 2651 278 2711 iiiios
306 2652 375 2711 illos
402 2652 619 2730 aggrediamur
646 2651 757 2730 quibus
781 2653 888 2713 simon
916 2654 980 2730 ipse
1008 2657 1130 2714 imam
1158 2656 1205 2716 in-

91 2755 92 2764 ’
185 2749 306 2826 scripsit
329 2741 504 2832 leb0l¹);
528 2749 621 2810 verba
644 2750 725 2832 enim
749 2770 827 2827 quae
850 2751 1005 2810 adduntur
1028 2752 1110 2829 apud
1135 2751 1205 2812 Sui-

185 2845 254 2905 dam
277 2867 304 2908 v.
326 2844 498 2924 Τίμων
519 2841 585 2925 ἤτοι
606 2841 724 2927 ψόγους
745 2849 805 2906 τῶν
827 2841 1003 2925 φιλοσόφων
1025 2848 1204 2926 interpretis

185 2949 257 3018 sunt
280 2943 446 3021 cuiusdam,
467 2963 530 3004 ιιοιι
554 2944 696 3005 Timonis.

187 3077 395 3085 .—..---..-——-

257 3146 283 3209 1)
302 3140 432 3197 Ceterum
456 3139 524 3195 istis
546 3141 630 3196 notae
653 3139 851 3210 neglegentiae
877 3158 961 3210 quain
979 3139 1010 3195 in
1028 3140 1121 3197 titulis
1141 3143 1203 3200 lau-

185 3218 285 3275 dandis
313 3219 516 3276 recentioribus
545 3219 719 3289 temporibus
744 3218 800 3275 sibi
822 3220 1000 3276 indulserunt
1022 3223 1204 3292 grammatici

184 3300 343 3370 exemplum
361 3299 544 3354 memorabile
568 3298 658 3355 tradit
676 3299 834 3369 Stephanus
854 3302 916 3370 Bya.
936 3321 962 3357 v.
984 3303 1098 3372 Φλιοῦς,
1125 3307 1203 3374 apud

184 3396 266 3448 quem
290 3379 395 3450 legitur
416 3381 511 3451 Τίμων
534 3374 549 3433 ὁ
569 3378 649 3448 περὶ
672 3380 770 3434 σίλλων
793 3377 956 3452 γενρσιφιίςς
983 3382 1058 3452 apud
1077 3383 1201 3440 Gellium

183 3458 224 3513 Ill
243 3463 321 3529 lm
343 3460 403 3529 (qui
422 3461 511 3523 σίλλος
529 3459 702 3530 moabiae)
727 3460 756 3515 iii
779 3476 835 3516 uno
859 3459 1047 3529 antiquiorum
1071 3461 1201 3520 codicum

185 3540 277 3604 σίλλος
295 3540 351 3607 est,
370 3538 400 3594 in
419 3538 520 3595 ceteris
540 3543 647 3596 σίλλων.
