2548 4004
468 197 686 264 ,55-

83 363 222 424 Parisinus
245 365 310 424 466
336 354 396 443 (0)
426 368 457 423 et
484 362 707 422 Laurentianus
730 362 775 421 VI
799 367 817 423 9
843 355 915 444 (G),
947 365 1083 424 nonnihil

83 461 203 522 Vsnetus
230 461 402 522 Marcianus
428 463 488 522 341
515 453 586 541 (1),
619 460 821 536 nequissimus
851 466 898 521 est
927 462 1083 522 Parisinus

82 561 137 620 467
155 553 221 640 (D).

137 655 189 715 His
221 656 366 733 expositis
395 661 431 716 ut
462 656 693 734 colligamus,
727 656 908 733 quibusnam
935 658 966 717 in
992 660 1082 722 rebus

81 753 201 814 Timonis
230 753 369 814 sillornm
391 757 531 814 naturam
553 753 684 828 positam
707 771 771 813 esse
794 753 970 832 viderimus,
999 757 1083 817 sillos

81 849 200 912 dicemus
232 852 366 912 carmina
401 850 551 910 didactica
583 850 693 927 quibus
726 848 895 930 δογματικοὶ
921 853 1083 928 praecipue

81 947 239 1025 philosophi
266 947 393 1008 heroicis
420 947 557 1010 versibus
584 966 621 1006 ex
643 947 774 1008 Homero
793 950 971 1026 plerumque
995 967 1082 1026 paro-

82 1043 136 1104 dica
157 1045 283 1106 detortis
306 1046 560 1122 perstringuntur.

139 1142 280 1203 Sillorum
302 1147 407 1203 autem
429 1143 529 1219 poesis
547 1161 607 1202 non
626 1143 694 1202 inde
713 1142 750 1201 ab
770 1143 1083 1205 incunabulismulti-

82 1239 143 1314 plici
159 1241 211 1299 illo
229 1241 302 1300 flore
322 1244 429 1300 oruata
442 1241 503 1300 fuit
517 1253 577 1316 quo
592 1241 751 1300 Timoneos
766 1243 921 1317 splendere
936 1242 1082 1321 videmus,

83 1335 126 1394 ssd
146 1337 181 1396 ab
203 1338 314 1415 exiguo
337 1337 424 1397 initio
447 1337 596 1413 paulatim
619 1337 810 1398 incrementis
833 1339 967 1417 undique
986 1342 1083 1418 captis

84 1432 115 1492 ad
126 1449 271 1494 summum
284 1434 478 1512 perfectionis
492 1434 651 1511 fastigium
664 1437 818 1512 processit.
848 1438 965 1514 etenim,
983 1440 1084 1515 quoad

84 1529 162 1590 etism
189 1550 268 1592 nuuc
295 1549 474 1610 cognoscere
502 1533 587 1608 licet,
614 1533 646 1590 in
673 1531 778 1607 primis
805 1532 996 1594 incunabulis
1022 1536 1084 1596 silli

85 1627 147 1686 nihil
173 1630 387 1690 continuerunt
412 1629 471 1688 nisi
493 1629 662 1688 irrisionem
686 1629 871 1706 δογματικῶν
893 1632 1083 1708 quorundam

84 1723 214 1786 inclusam
241 1727 379 1788 versibus
401 1726 529 1786 heroicis
551 1745 589 1785 ex
610 1725 741 1786 Homero
765 1743 853 1804 saepe
877 1726 1010 1806 deflexis,
1039 1729 1082 1788 di·

85 1819 178 1882 dactici
195 1823 242 1882 illi
259 1827 381 1884 tantum
398 1843 496 1901 neque
515 1824 650 1883 iocorum
668 1823 801 1885 iucunda
817 1825 965 1885 varietate
984 1845 1082 1903 neque

85 1919 155 1994 opica
172 1921 285 1982 virtute
305 1922 492 1982 excellentes.
529 1922 607 1981 tales
626 1923 707 1980 certe
722 1921 806 1981 sillos
820 1922 1083 1999 persuasissimum

86 2013 166 2076 habco
192 2018 286 2079 fuisso
315 2018 394 2096 eius,
422 2038 512 2096 quem
538 2018 670 2095 primum
697 2019 729 2077 in
751 2019 807 2078 hac
831 2019 914 2096 po'esi
936 2021 1082 2096 polluisse

86 2113 216 2176 muitum
240 2120 298 2192 est,
321 2115 514 2194 Xenophanis
539 2114 725 2191 Colophonii.

138 2212 373 2290 Xenophanes
401 2211 651 2289 Colophonius
684 2217 788 2272 utrum
815 2213 901 2273 sillos
929 2215 1082 2292 scripserit

85 2323 115 2366 sn
131 2329 185 2370 non
203 2311 256 2371 diu
274 2329 347 2372 sane
366 2312 557 2389 multumque
575 2313 667 2390 longo
687 2331 722 2372 ex
739 2315 874 2387 tempore
893 2310 1083 2388 disputatum

85 2411 133 2483 esi;
162 2407 212 2468 sed
244 2412 280 2469 ut
311 2407 378 2468 fieri
404 2409 483 2469 solet
511 2409 717 2486 quaestionem
743 2426 791 2467 me
818 2407 916 2468 iudico
943 2427 1003 2468 uon
1031 2409 1082 2468 ad·

86 2503 192 2564 modum
214 2505 391 2584 impeditam
411 2507 510 2584 magis
533 2507 691 2584 magisque
713 2507 943 2584 exagitaverunt
965 2509 997 2567 et
1015 2527 1082 2585 per-

85 2601 269 2664 turbaverunt
296 2603 355 2664 viri
377 2604 471 2680 docti,
499 2623 629 2681 quorum
652 2604 788 2681 singulos
811 2623 926 2665 errores
948 2604 1082 2666 remeare

52 2718 63 2745 ·
85 2713 324 2773 supervacaneum
347 2693 493 2781 ceuseo¹).
535 2701 588 2760 sed
610 2701 642 2759 in
664 2700 744 2760 idem
766 2701 878 2760 crimen
898 2721 936 2761 ne
954 2703 1018 2780 ipse
1037 2704 1081 2762 in-

86 2793 180 2875 cidam,
215 2797 353 2876 singulos
389 2798 471 2858 locos
504 2798 614 2874 quihus
647 2798 845 2874 Xenophanes
877 2799 1082 2877 sillographus
1193 2861 1197 2868 ,

84 2899 319 2954 commemoratur
341 2894 479 2971 deinceps
501 2895 653 2971 proferam
677 2899 708 2954 et
730 2895 914 2955 examinabo.

86 3111 198 3184 dorium,
216 3115 467 3173 Freudeuthalium
486 3116 520 3172 de
534 3115 587 3173 hac
602 3115 765 3186 quaestione
784 3115 929 3172 subtiliter
946 3119 976 3172 et
994 3115 1080 3186 plane

86 3193 251 3258 probabiliter
269 3195 470 3267 disputantem.

145 3279 168 3342 1)
199 3275 239 3332 Ol.
269 3275 465 3344 casaubonus,
497 3276 530 3332 dc
562 3276 640 3332 sotir.
663 3291 739 3344 poco.
766 3293 794 3345 p.
813 3281 865 3330 288
889 3292 928 3345 sq.
970 3276 1080 3347 Ramb,

88 3347 226 3424 Fabricius,
245 3356 310 3413 hs'hl.
329 3355 379 3412 Gr.
398 3354 461 3410 libr.
476 3353 503 3407 lI
521 3370 544 3408 c.
559 3359 602 3423 23,
621 3353 676 3409 vol.
691 3355 704 3408 l
721 3371 749 3424 p.
765 3353 839 3420 7⁹7³,
863 3353 1082 3424 Fuellehoruius,

89 3427 158 3488 Belo.
174 3451 197 3494 a.
218 3433 311 3492 Gmch.
330 3435 358 3491 d.
379 3435 485 3492 Philos.
503 3434 570 3488 iaso.
591 3439 605 3488 ‘l
624 3449 652 3502 p.
673 3439 687 3486 1
707 3449 762 3501 sq.‚
789 3432 919 3504 Pauline,
955 3434 990 3490 dc
1010 3436 1082 3492 sillia

90 3523 109 3575 p.
126 3517 153 3566 lh
175 3531 247 3586 sqq„
275 3513 454 3583 homberias,
483 3513 644 3583 Xenophon.
668 3529 695 3582 p.
715 3517 749 3568 23
768 3529 825 3582 sq.‚
853 3514 1022 3580 Walandus,
1049 3515 1083 3570 dc

91 3585 154 3650 Hom.
167 3595 264 3664 pared.
283 3610 334 3651 scr.
354 3611 381 3664 p.
402 3598 436 3648 lt
455 3610 524 3662 sqq,
544 3592 602 3648 alii.
