2548 4004
542 189 583 197 -
630 110 762 216 20-ss

142 318 326 396 aliquotiens
354 335 372 376 a
400 315 509 376 studiis
543 333 621 392 quae
654 315 693 374 ad
722 314 946 391 philosophiam
973 313 1165 391 pertinerent

142 406 307 496 vacass01).
354 429 446 491 quam
473 413 679 473 narrationem
706 415 743 472 ut
772 411 940 490 confirmet,
971 411 1033 472 iam
1060 412 1166 490 pergit

142 512 182 572 ad
210 512 431 588 scriptorum
458 513 647 589 catalogum,
675 529 765 588 quem
787 510 834 570 his
857 510 958 598 vprbis
981 513 1166 588 conceptum

143 610 239 670 tradit
261 610 412 689 Diogenes
438 611 458 668 l.
483 627 518 669 s.:

210 712 260 776 καλ
286 710 353 796 γάρ
379 708 530 794 πονήματα
561 711 727 795 συνέγραφε
754 707 806 774 καί
833 711 889 792 ἕκτη
917 710 968 774 καί
995 713 1163 797 τραγῳδίας

142 809 193 874 καί
211 807 356 892 σατύρους
378 809 445 889 [καί
463 805 596 892 δράματα
614 805 731 889 κωμικὰ
746 804 918 889 τριάκοντα,
941 805 976 871 τὰ
995 806 1028 870 δὲ
1047 804 1106 892 (sic
1121 813 1165 891 H,

144 906 177 970 δὲ
204 911 254 972 hic
281 911 374 971 habet
398 911 490 970 etiam
513 909 557 987 B,
586 928 656 969 oum
680 910 777 988 ¹vulgo
804 909 853 968 hic
874 902 910 968 τὰ
933 904 966 968 δὲ
989 909 1080 987 desit,
1109 909 1166 970 sed

143 1012 214 1085 post
232 1001 353 1089 τραγικὰ
372 1007 503 1068 addatur
524 1000 571 1091 δὲ)
593 1001 715 1087 τραγικὰ
734 1000 908 1085 traconit,
931 1006 1047 1079 σίλλους
1065 1027 1095 1067 τε
1113 1005 1166 1068 κοιλ

143 1104 306 1178 κιναίδους.
342 1101 470 1184 φέρεται
497 1098 528 1165 δ’
554 1098 647 1166 αὑτοῦ
667 1101 725 1165 «καί
752 1098 959 1185 καταλογάδην
981 1104 1082 1184 βιβλία
1104 1101 1166 1182 [τίς

143 1199 225 1263 ἐπῶν
246 1202 378 1264 τείνοντα
401 1197 548 1281 μυριάδας
571 1195 663 1279 dria]-
973 1225 981 1242 ·

65 1363 68 1370 .
186 1303 247 1376 'ln
279 1318 326 1377 his
358 1313 443 1380 vides
474 1318 568 1379 verba
598 1319 676 1395 quae
705 1319 846 1377 cancellis
875 1317 1038 1395 dupliciter
1064 1319 1166 1396 saepsi

146 1436 182 1475 ex
209 1417 306 1476 altero
337 1418 422 1476 fonte
451 1435 547 1493 eoque
575 1415 827 1494 pinacographico
857 1408 891 1496 (i.
915 1433 939 1474 e.
964 1435 1000 1474 ex
1024 1409 1165 1500 Sotione)

146 1513 189 1572 eis
216 1513 321 1573 addita
349 1531 414 1573 esse
438 1532 515 1590 quae
540 1533 575 1572 ex
598 1513 698 1591 priore
723 1505 755 1594 (i.
780 1532 804 1572 e.
828 1512 983 1592 Antigono
1008 1506 1165 1597 Carystio)

145 1603 302 1693 fluxerel).
350 1631 410 1689 qua
448 1611 564 1690 origine
601 1630 671 1670 non
704 1614 863 1688 perspecta
899 1611 955 1671 hoc
987 1613 1166 1672 testimonio

146 1709 219 1769 olim
242 1708 330 1768 abusi
358 1711 431 1768 sunt
457 1709 496 1768 ad
519 1709 578 1768 duo
603 1697 722 1768 diuersa
746 1708 801 1767 illa
825 1727 903 1786 quae
930 1707 1079 1769 finxerant
1101 1714 1167 1770 tra·

146 1806 271 1884 gosdiac
295 1825 419 1885 genera,
442 1806 573 1883 lyricum
591 1809 622 1865 et
641 1806 853 1884 dramaticum,
876 1799 1074 1890 probanda³).
1112 1809 1168 1868 scd

145 1904 251 1964 insunt
288 1905 380 1964 etiam
417 1904 571 1981 graviores
613 1903 819 1963 difficultates.
869 1907 950 1962 reete
988 1904 1085 1963 enim·
1104 1905 1167 1966 duo

147 2002 341 2062 offensionem
382 2005 517 2082 movent,
558 2001 690 2078 primurn
731 2000 813 2079 quod
847 2000 982 2060 Timonis
1019 1993 1166 2082 λνδαλμοί,

146 2119 254 2176 poema
277 2103 348 2177 post
371 2100 455 2160 sillos
480 2101 615 2160 omnium
637 2099 842 2178 notissimum,
872 2099 921 2159 hic
944 2120 1014 2180 non
1037 2118 1166 2176 comme-
1239 2155 1243 2164 .

146 2202 317 2275 morantur,
346 2197 453 2257 deinde
482 2198 564 2276 quod
586 2195 678 2256 αίλλοι
707 2215 783 2275 quos
810 2197 891 2256 iuter
919 2197 1011 2276 spica,
1032 2197 1169 2259 carmina
1193 2231 1198 2240 ·

147 2295 357 2356 numeraveris
379 2315 439 2356 non
466 2300 537 2373 post
564 2293 635 2372 ίιιη,
665 2295 717 2353 sed
745 2295 822 2354 falso
846 2296 911 2354 loco
935 2298 1005 2371 post
1028 2295 1169 2356 dramata

147 2410 217 2450 oum
253 2393 386 2453 cinaedis
423 2394 600 2452 afferuntur.
646 2394 811 2468 utrumque
844 2392 959 2452 conicio
995 2393 1167 2469 profectum

148 2507 212 2547 esse
232 2508 267 2547 ex
285 2508 367 2549 more
387 2489 519 2566 quodam
538 2488 805 2566 grammaticorum
825 2488 1022 2567 Graecorum3
1041 2491 1073 2549 in
1091 2490 1169 2550 tria

148 2586 229 2644 enirn
255 2604 366 2662 genera
397 2587 445 2645 illi
475 2605 592 2646 omnem
624 2585 730 2663 poesin
763 2583 997 2665 distribuerunt,
1031 2588 1167 2646 carmina

148 2683 245 2760 opica,
270 2683 449 2760 dramatioa,
472 2683 592 2760 melioa;
615 2684 647 2742 in
668 2683 767 2760 prima
790 2703 861 2745 vero
885 2685 975 2746 classi
994 2686 1086 2745 etiam
1105 2685 1166 2744 ele·

146 2767 235 2857 'giaoo
249 2784 345 2839 metro
365 2777 536 2857 conscripta
552 2784 695 2858 poemata
715 2781 792 2858 epici
811 2783 983 2859 argumenti
1002 2784 1168 2843 collocasse

221 3040 248 3108 1)
262 3038 307 3093 Ita
321 3037 396 3093 enim
410 3037 622 3108 interpretanda
636 3055 696 3094 esse
709 3039 796 3094 verba
809 3035 867 3094 circi
884 3036 1050 3110 φιλοσόφων
1064 3041 1167 3109 (neutr.

149 3118 223 3186 gen.)
243 3111 374 3186 ἐσχόλαζε
394 3119 470 3172 recte
484 3116 591 3186 primus
605 3117 747 3173 intellexit
760 3117 995 3176 Wilamowitzius
1010 3137 1037 3190 p.
1051 3126 1086 3175 42
1101 3120 1167 3174 adn.

221 3215 249 3282 τ)
268 3212 345 3270 Duos
359 3213 485 3270 diversos
504 3213 596 3270 fontes
614 3214 645 3270 in
658 3215 713 3272 hoc
727 3215 859 3287 catalogo
874 3217 1085 3290 conglutinatos
1105 3235 1167 3276 esse

149 3291 206 3346 iam
225 3291 293 3346 olim
312 3309 330 3348 a
348 3311 393 3348 rne
412 3297 450 3364 (p.
468 3294 498 3364 9)
516 3293 682 3363 coniectum,
702 3312 775 3352 nunc
794 3289 953 3354 accuratius
973 3300 1002 3354 et
1019 3298 1130 3369 plenius
1149 3316 1168 3354 a

151 3372 370 3428 Wilamowitzio
388 3391 415 3442 p.
432 3379 470 3428 ‘42
489 3374 553 3429 adn.
573 3373 764 3444 explanatum.

222 3462 249 3530 3)
269 3461 309 3516 cf.
328 3459 499 3529 Irobeckiua,
518 3462 654 3532 Aplcopla
674 3481 702 3534 p.
722 3469 783 3531 97'1,
802 3462 852 3532 qui
871 3465 967 3519 tamen
988 3464 1049 3534 ipae
1067 3483 1094 3536 p.
1115 3465 1169 3520 978

149 3539 329 3596 iterationem
347 3541 559 3611 tragoediarum
577 3559 725 3612 perperam
745 3543 875 3614 explieat.
