2544 3998
103 217 379 260 rnxvn-xvnn
496 230 539 240 —
587 194 650 258 119
697 231 740 240 —

101 347 273 422 procedosi;
291 365 367 404 nunc
385 348 560 420 temptabam
578 345 661 404 αἶνον
680 346 718 420 μὴ
732 351 817 422 ληρῇς
834 351 880 406 vel
898 350 1031 422 παίγνιον
1045 348 1127 423 αἱμα·

102 441 174 502 λίπα
193 438 264 508 (sive
283 434 433 509 ἐμμελέως)
454 438 458 510 Ι
481 433 689 509 ἔνκαταμιμνύς
707 439 736 494 Β

177 608 276 649 coum.
310 587 475 659 Quaeritur
502 587 576 666 quid
601 587 738 665 potuerit
764 585 931 647 immiscere
953 587 1128 650 Arcesilaus

104 686 396 764 reprehensionibus
425 687 457 745 in
489 685 600 764 quibus
628 685 805 746 adhibendis
837 705 907 745 eum
938 687 1128 764 frequentem

105 788 140 844 et
163 785 319 845 valentem
341 783 436 844 fuisse
459 783 599 842 Laertius
622 785 684 842 1.s.
708 786 848 844 testatur.
884 777 958 844 νόον
980 784 1129 862 cogitavit

105 881 319 961 Caecubonus,
332 880 475 959 probavit
483 879 748 942 Wilamowitzius:
768 882 850 960 quod
863 885 944 942 recte
959 882 1128 961 cogitatum

105 996 175 1038 esse
198 998 287 1057 nego.
328 998 399 1038 nam
425 978 702 1056 vituperationibus
729 998 785 1056 per
811 998 843 1040 se
870 971 942 1052 νόος
969 983 1024 1040 aut
1049 979 1129 1040 inest

106 1079 166 1135 aut
189 1076 289 1154 deest;
312 1077 338 1136 si
358 1078 450 1155 inest,
473 1095 534 1136 non
552 1080 599 1136 est
617 1095 672 1136 cur
690 1077 833 1156 addatnr3
857 1079 884 1138 si
902 1079 999 1156 deest,
1022 1078 1129 1155 nequit

106 1177 217 1250 postea
241 1174 364 1234 aliunde
388 1174 458 1234 addi
482 1165 655 1255 (praeterea
675 1177 766 1252 plane
789 1195 837 1236 me
860 1176 955 1256 fugit,
979 1176 1128 1253 quomodo

107 1267 278 1350 ἐπιπλήξεις
300 1271 361 1332 dici
382 1272 500 1348 possint
522 1264 677 1353 αλμύλιοι).
700 1265 703 1272 ’
722 1273 885 1334 immisceri
907 1292 978 1335 vero
1000 1277 1130 1350 possunt

107 1369 403 1448 reprehensionibus,
427 1371 453 1429 si
471 1368 546 1448 quid
563 1368 660 1448 video,
684 1371 783 1430 solum
802 1371 879 1432 talia
898 1372 1002 1450 qualia
1020 1374 1128 1449 suapte

107 1470 221 1526 natura
246 1467 278 1527 in
296 1466 573 1544 vituperationibus
591 1487 651 1527 non
669 1467 731 1528 iam
748 1469 865 1548 insunt,
889 1469 941 1530 sed
960 1469 1130 1530 ornamenti

107 1564 208 1626 instar
232 1564 304 1626 addi
324 1569 467 1644 possunt,
494 1566 581 1626 velut
603 1565 745 1644 facetiae,
767 1567 941 1644 proverbia,
968 1570 1129 1645 poetarum

108 1661 212 1740 flores,
246 1662 366 1722 similia.
413 1667 505 1741 atque
533 1663 645 1722 seimus
673 1662 863 1725 Arcesilaum
892 1663 1033 1724 lubenter
1058 1682 1129 1741 poe·

109 1761 213 1818 turum
232 1760 399 1820 sententias
417 1778 580 1837 usurpasse
598 1763 630 1820 et
648 1759 728 1821 inter
746 1779 848 1821 omnes
870 1760 1046 1821 ferebantur
1064 1761 1129 1821 eius

109 1856 210 1933 lepide
235 1857 330 1917 dicta:
354 1858 391 1916 cf.
414 1861 536 1934 praeter
558 1860 673 1917 ceteros
696 1858 796 1918 Laert.
815 1859 903 1937 Diog.
922 1857 966 1917 IV
985 1860 1026 1918 37
1051 1849 1130 1939 (Ἀρ-

108 1947 249 2015 κεσιλύον
270 1948 302 2015 τὰ
320 1946 485 2036 ποίμνιον).
519 1955 593 2016 satis
616 1958 719 2014 tamen
736 1955 833 2017 habeo
855 1957 933 2015 hano
952 1955 1130 2016 emendandi

110 2052 193 2112 viam
212 2051 448 2130 demonstrasse3
471 2070 542 2110 nam
560 2051 597 2111 de
616 2052 745 2131 singulis
763 2054 839 2114 certi
856 2055 900 2112 nil
919 2053 1049 2112 affirmo:
1072 2054 1130 2113 hoc

110 2151 212 2210 solum
241 2149 332 2228 addo,
355 2151 483 2211 alteram
504 2167 665 2227 personam
691 2152 723 2210 in
746 2145 879 2230 μηλήσης
905 2152 1051 2210 latentem
1075 2142 1129 2231 (si-

111 2246 237 2326 quidem
255 2240 347 2329 latet)
366 2249 441 2308 satis
461 2247 605 2325 explicari
622 2249 713 2308 certis
732 2248 876 2326 colloquii
894 2246 1031 2324 vestigiis
1048 2265 1128 2325 quac

109 2346 143 2404 in
166 2345 203 2403 fr.
222 2345 311 2406 XVII
334 2348 365 2406 et
387 2345 507 2406 XVIIII
529 2349 685 2424 apparent.

561 2611 681 2672 XVIIII

158 2721 204 2807 ὣς
227 2724 331 2796 εἰπὼν
354 2724 468 2816 ὄχλοιο
492 2733 687 2816 περίστασιν
709 2728 951 2796 εἰσκατέδυνεν.

157 2836 194 2902 οἱ
215 2833 257 2902 δέ
277 2860 336 2921 μιν
358 2830 439 2922 ἠύτε
461 2837 590 2920 γλαῦκοι
612 2836 688 2922 πέρι
712 2839 822 2917 σπίζαι
844 2837 1044 2920 τερατοῦντο

157 2935 325 3027 ἠλέματον
347 2939 554 3028 δεικνύντες,
579 2937 766 3009 ὁθούνεκεν
791 2937 1023 3028 ὀχλοάρεσκος·

159 3045 202 3114 ού
225 3047 309 3134 μέγα
331 3049 483 3135 πρῆγμα,
510 3045 625 3128 σύλας·
651 3052 688 3117 τί
707 3045 888 3115 πλατύνεαι
910 3043 1046 3133 ἠλίθιος
1069 3043 1129 3128 ύςς

408 3231 530 3274 HOMERI
552 3231 692 3274 nnron'n
713 3229 831 3275 VEBSVS

116 3328 147 3384 in
164 3346 189 3383 v.
211 3333 352 3384 1=Aaac
372 3329 408 3386 al
428 3323 466 3393 ὥς
484 3325 573 3386 sinric
593 3329 704 3400 (ecdem
722 3347 819 3386 versus
839 3328 916 3400 sede)

117 3417 147 3472 in
163 3435 190 3472 v.
209 3422 239 3471 4:
260 3421 285 3470 Δ
302 3421 353 3472 482
373 3413 498 3488 αλμειρὸε
516 3413 555 3482 ὥς
573 3417 657 3473 simil.
677 3418 787 3487 (eadem
804 3434 902 3474 versus
922 3419 998 3490 sede)

183 3583 271 3628 ruer.
308 3569 481 3630 Laertius
504 3568 605 3648 Diog.
629 3568 674 3628 IV
697 3571 739 3630 42
771 3567 812 3643 εἰς
838 3562 871 3631 τὸ
899 3563 1131 3650 διαβαλλόμενον
