2544 3998
96 187 216 230 nuum
484 201 525 209 —
573 165 637 230 105
683 201 725 212 ·-

95 329 220 390 taudem
251 328 385 407 imagine
411 345 485 389 usus
513 327 578 389 est?
627 332 749 407 praeter
776 332 877 389 cetera
905 330 1113 408 quaerendum

97 431 153 505 est,
177 425 250 504 quid
273 426 330 488 hoo
352 427 420 488 loco
442 427 544 488 ualeat
566 445 625 488 vox
646 426 811 504 tripliciter
832 431 981 504 usurpata
1003 450 1112 509 γοργο-

95 518 164 597 θός.
212 523 372 586 notissima
410 527 457 585 est
487 523 571 586 notio
603 543 709 586 nasae
744 525 927 602 piscatoriae
959 525 1049 587 obvia
1080 526 1112 586 in

97 621 259 700 proverbio
290 614 445 702 poppedio
475 624 587 700 φοοᾶςς
620 623 748 684 alteram
780 622 902 684 exhibet
932 622 1062 700 Hesyeh.
1084 644 1112 684 u.

95 712 264 802 propudio·
297 721 402 794 σκεῦος
432 712 570 796 canedo,
603 717 636 780 ἐν
668 708 692 804 ᾧ
721 714 862 798 βάλλουσι
888 713 941 780 τὸν
966 713 1057 797 ἄρτον
1084 717 1116 781 οἰ

96 811 273 897 dorcadum
296 817 388 880 tertia
410 817 526 896 legitur
547 818 629 895 apud
649 817 774 880 Suidam
796 839 823 880 u.
842 809 1005 898 γνρροθός,
1028 815 1112 894 ιιλίνιρ

96 913 130 976 ἐν
159 903 181 996 ᾗ
207 907 277 986 τοὺς
303 910 447 992 ancirano
472 911 522 975 aori
550 907 760 993 δαιμονιώδης
783 915 947 995 σιροβοῦσι.
993 913 1113 992 ultima,

96 1031 192 1092 quam
218 1010 464 1074 Aldobrandinue
491 1012 540 1072 hic
568 1012 728 1076 admittere
754 1013 855 1077 voluit
881 1013 926 1074 ita
953 1016 990 1074 ut
1012 1013 1113 1074 Zenon

95 1115 256 1187 tamquam
278 1127 407 1172 vesanus
430 1110 639 1189 denotaretur,
662 1111 700 1172 ab
724 1111 908 1190 antiquitate
931 1111 1038 1189 procul
1060 1110 1113 1170 ha·

95 1206 197 1268 henda
220 1209 275 1268 est.
309 1207 447 1286 plerique
469 1209 629 1286 vulgarem
650 1208 806 1270 uodonem
828 1209 1028 1270 adhibendam
1049 1226 1114 1270 esse

96 1307 243 1367 statuum
269 1305 365 1368 etad
392 1306 542 1384 captiosas
566 1307 857 1385 argumentationes,
890 1307 1001 1386 quibus
1025 1307 1113 1369 stoici

95 1403 312 1482 ονρνιοδίῖοοσι
340 1397 410 1480 τοὺς
438 1405 690 1482 προσομιλοῦντας
721 1396 805 1485 (uide
833 1403 1037 1483 Chrysippum
1064 1423 1113 1483 ap.

94 1502 222 1563 huciau.
244 1501 298 1564 vit.
322 1505 402 1562 auct.
425 1520 448 1561 c.
473 1493 545 1583 22),
576 1501 726 1579 referunt,
758 1520 861 1562 omues
888 1505 990 1564 tamen
1017 1504 1049 1564 in
1077 1521 1112 1565 eo

95 1597 170 1658 falsi
187 1596 270 1674 quod
286 1596 411 1675 plagam
429 1597 620 1659 subtiliorem
638 1618 654 1659 e
672 1600 736 1660 lino
754 1607 863 1659 nexam
880 1599 1026 1677 cogitant,
1044 1618 1115 1660 cum

95 1688 251 1775 poppedio
271 1695 443 1773 generalem
457 1695 548 1756 oratis
563 1714 600 1756 ex
612 1696 776 1758 viminibus
790 1699 948 1758 contextae
959 1697 1112 1758 notionem

96 1810 217 1870 semper
243 1794 355 1854 areat.
401 1793 453 1854 sed
480 1793 643 1871 capiuntur
669 1795 766 1871 pisces
795 1812 866 1855 sane
892 1793 986 1854 etiam
1007 1793 1115 1872 nassis,

96 1891 143 1953 ita
169 1893 207 1951 ut
233 1909 294 1951 non
320 1891 400 1952 male
425 1889 560 1969 fingatur
583 1892 684 1952 Zenon
706 1909 797 1953 nassa
818 1891 850 1953 iu
872 1891 950 1954 mari
972 1892 1022 1954 vel
1044 1891 1115 1952 lacu

95 1989 147 2052 rel
174 1987 299 2049 flumine
325 1987 425 2048 nescio
454 2007 513 2065 quo
541 1989 684 2068 imposita
711 1990 810 2067 pisces
837 1993 937 2052 cetera
964 1989 1116 2068 aquatilia

96 2089 233 2163 captans.
270 2087 304 2145 at
324 2103 379 2162 per
401 2103 433 2146 se
455 2104 517 2146 non
538 2087 639 2148 minus
658 2090 729 2164 apte
747 2088 870 2149 videtur
888 2087 927 2148 ad
945 2087 1114 2147 describen-

96 2183 169 2244 dam
196 2182 338 2261 gulosam
360 2200 453 2244 anum
476 2177 657 2262 ‘panarium’
682 2185 921 2246 commemorari:
949 2183 1000 2244 oni
1022 2183 1114 2244 inter·

97 2279 265 2358 pretationi
291 2282 393 2341 umen
416 2281 448 2341 id
465 2285 566 2342 'unum
589 2280 692 2344 obstat
714 2282 940 2361 gravissimum,
964 2279 1047 2358 quod
1069 2280 1114 2340 in·

96 2377 204 2457 tellegi
222 2395 346 2455 prorsus
364 2381 497 2456 nequeat
515 2379 665 2457 quomodo
683 2379 845 2457 panarium
862 2375 938 2440 ἰέναι
956 2379 1006 2440 vel
1020 2374 1115 2458 ἔρρειν

96 2475 219 2536 dicatur
246 2474 305 2535 nisi
334 2476 504 2536 accuratior
530 2475 692 2554 descriptio
721 2476 852 2537 accedat.
898 2477 1004 2538 contra
1025 2492 1116 2536 nassa

96 2573 223 2634 flumine
247 2572 366 2651 agitata
387 2574 437 2633 vel
461 2574 554 2635 etiam
576 2574 678 2634 delata
698 2575 788 2634 facile
807 2574 882 2652 fingi
899 2575 1009 2652 potuit.
1045 2574 1115 2634 hae·

97 2675 188 2732 tenus
206 2667 406 2746 probabiliter
419 2671 562 2748 progredi
580 2671 661 2749 licet,
680 2672 800 2749 reliqua
812 2671 975 2732 admodum
988 2671 1115 2731 lubrica.

165 2765 270 2826 Verba
293 2765 373 2826 enim
395 2761 499 2844 μικρὸς
520 2759 577 2828 icio
600 2765 677 2846 ἔρρει
694 2772 732 2830 ut
748 2769 1022 2847 interpretarentur
1039 2768 1115 2827 mire

97 2885 130 2928 se
144 2867 302 2926 torserunt
315 2863 375 2926 uiri
388 2864 477 2926 docti.
500 2865 624 2927 rettulit
638 2884 674 2927 ea
687 2866 914 2944 Bemhardyius
929 2858 983 2947 (ad
993 2864 1076 2926 Snid.
1087 2885 1114 2926 ν.

97 2954 280 3044 derodendo)
299 2961 339 3024 ad
356 2962 513 3040 spinarum
531 2963 760 3024 dialecticarum
777 2963 922 3024 subtilem
940 2963 1115 3022 contextum

97 3060 208 3120 habitu
239 3059 399 3138 figuraque
429 3061 592 3140 pusillum,
624 3055 690 3140 ‘qui
716 3077 823 3121 nassae
850 3060 947 3119 instar
972 3059 1116 3135 pertusae

98 3157 242 3218 diffluens
278 3157 419 3218 manibus
451 3159 579 3219 Zenonis
616 3159 705 3235 quasi
741 3159 866 3219 alterius
900 3155 1022 3234 Sisyphi
1054 3156 1116 3216 ela·

97 3247 250 3332 beretur'3
278 3255 478 3333 similiterque
505 3256 628 3318 videtur
653 3256 804 3316 iudicasse
828 3253 901 3314 God.
924 3251 1117 3316 Hermannus

99 3345 349 3434 (Huebnerianae
362 3353 508 3432 Diogenis
522 3354 581 3416 rol.
595 3351 628 3412 11
641 3374 669 3431 p.
686 3345 757 3434 93):
776 3352 829 3414 sed
847 3368 945 3429 neque
964 3339 1117 3433 γνργαθός

97 3451 194 3530 plaga
216 3449 360 3511 subtilior
382 3455 429 3510 est
452 3444 504 3532 (ut
525 3451 588 3511 dixi
611 3441 718 3532 supra)
743 3468 798 3510 nec
822 3448 903 3527 quod
926 3468 1028 3511 omnes
1046 3450 1118 3511 libri

97 3553 229 3610 tuentur
251 3541 315 3609 icio
338 3542 413 3630 (uon
431 3542 504 3632 debr)
524 3549 668 3627 explicari
685 3551 788 3626 potest
805 3567 904 3626 neque
922 3545 1116 3609 lacerationis
