2548 4004
468 228 688 293 ..27-

60 386 284 476 posuerunt¹):
312 397 405 472 atque
427 393 508 452 idem
530 393 637 452 fecisse
660 396 895 454 consentaneum
918 397 965 456 est
986 394 1086 454 Timo·

62 511 144 570 nem,
169 511 266 570 quem
283 495 387 552 tamen
405 490 583 550 crediderim
601 508 637 548 ex
654 509 737 550 more
756 509 812 550 suo
834 491 866 550 in
888 491 945 550 hoc
965 510 1086 569 quoque

58 591 239 649 carminum
269 607 378 668 genere
406 587 593 650 adversarios
621 589 767 648 acerrimo
794 588 964 666 perfudisse
992 593 1086 650 aceto.

60 688 119 746 sed
142 687 283 747 Timonis
311 686 459 747 eiusmodi
484 702 608 763 prorsus
635 687 738 745 nullae
762 689 902 747 servatas
924 690 996 746 sunt
1017 686 1087 745 reli·

58 786 172 864 quise,
199 785 299 863 quode
321 784 371 845 vel
394 784 461 844 ideo
485 782 620 843 dubitari
642 784 760 861 nequit,
785 784 867 861 quod
888 783 991 842 nullae
1015 788 1087 844 sunt

60 882 176 943 ionicis
200 883 335 942 numeris
358 881 535 958 adstrictae,
565 881 608 940 sis
632 884 734 940 autem
756 880 890 940 numeris
914 898 1033 956 semper
1054 882 1087 939 ni

63 981 162 1040 fallor
176 979 343 1056 conscripti
357 983 444 1039 erant
456 976 595 1038 κίναιδοι.
627 997 697 1037 nam
714 979 795 1038 idem
813 981 906 1054 atque
925 969 1086 1039 ὃκιναιόο·

61 1069 154 1154 λόγος
187 1075 251 1134 fuit
277 1067 294 1135 ό
321 1067 526 1154 ἰωνικολόγος,
559 1080 591 1135 et
617 1079 654 1135 ut
681 1095 750 1135 cnm
777 1075 913 1135 Varrone
946 1065 996 1156 (fr.
1022 1076 1085 1136 357

62 1165 246 1256 Bucheler.)
278 1174 401 1251 loquar,
433 1165 586 1251 Ἀχιλλέως
616 1165 759 1251 ἡρωικός,
791 1166 911 1245 ἱοινιιιός
938 1171 1087 1249 κιναίδου,

62 1289 235 1348 omnesque
263 1271 458 1330 cinaedorum
485 1287 590 1331 versus
619 1289 695 1347 quos
722 1270 861 1332 novimus
893 1273 965 1330 sunt
995 1270 1089 1330 ionici

62 1373 97 1426 et
126 1386 147 1425 a
175 1369 353 1428 clarissimis
367 1366 634 1452 ,cinaedographis
661 1386 770 1427 nomen
800 1369 920 1427 duxere.
938 1367 1087 1428 Sotadeus

62 1470 97 1523 et
121 1456 384 1546 Cleomaclieus²).

134 1561 253 1623 Prosa
283 1581 368 1624 vero
401 1561 568 1623 oratione
598 1562 706 1622 Timon
738 1562 859 1639 scripsit
886 1562 913 1621 si
939 1561 1013 1622 fides
1042 1567 1089 1622 est

64 1659 216 1738 Diogenis
249 1660 436 1738 testimonio,
468 1660 579 1738 viginti
611 1660 708 1718 millia
735 1678 879 1721 versuum
905 1659 938 1717 id
965 1663 1012 1719 ost
1040 1664 1090 1726 tot

66 1757 134 1815 fere
168 1761 246 1835 quot
278 1757 522 1844 complectuntur
552 1761 692 1834 septem
717 1757 840 1834 Iosephi
861 1756 1088 1834 antiquitatum

66 1853 157 1932 libri;
185 1853 245 1913 nisi
273 1855 370 1915 mavis
398 1873 557 1936 numemm
584 1855 733 1914 traditum
761 1858 791 1914 et
814 1855 845 1912 in
868 1853 927 1913 fine
956 1855 1089 1934 catologi

65 1953 206 2030 po'sitnm
233 1951 274 2010 ad
302 1953 436 2026 omnium
466 1952 622 2012 librorum-
641 1956 672 2013 et
698 1947 888 2030 poeticorum
916 1956 948 2012 et
973 1945 1088 2030 prosai-

66 2053 176 2110 cor'nm
205 2068 355 2110 summam
382 2041 589 2132 transforroi).
635 2054 727 2128 atque
755 2069 826 2110 sans
853 2050 1019 2127 permirum
1042 2055 1090 2110 est

66 2147 240 2208 carminum
257 2165 365 2208 versus
381 2166 442 2207 non
460 2148 621 2225 numerari,
640 2148 793 2207 numerari
810 2165 918 2223 prosae
933 2148 1088 2225 orationis,

69 2333 201 2404 Πςίηκσς
217 2327 353 2403 Ἅμαξόνς
377 2333 452 2388 idem
475 2333 611 2404 probator
628 2333 725 2388 titulis
745 2332 928 2389 Sotadeorum
951 2331 1087 2387 librorum

67 2408 150 2476 Ἱλιός
168 2413 245 2482 apud
263 2410 466 2482 Hephaestion.
485 2431 513 2484 p.
530 2420 564 2469 21
584 2415 626 2470 ed
646 2411 732 2468 (laiss.
752 2413 781 2466 et
792 2407 907 2476 Ἀσωνις
923 2410 992 2466 ibid.
1009 2430 1038 2483 p.
1057 2419 1088 2478 ὃς

70 2507 139 2562 prae
157 2492 260 2547 ceteris
275 2508 340 2547 vero
357 2490 469 2547 Sotadis
482 2509 566 2548 versu
580 2508 625 2563 ap.
635 2491 726 2564 Heph.
736 2498 791 2562 pb
810 2493 874 2546 τίνα
888 2491 945 2546 τῶν
959 2491 1089 2547 παλαιῶν

70 2569 204 2640 ἱστοριῶν
221 2567 320 2627 θέλετ’
336 2567 500 2632 ἐσακοῦσαι.
549 2636 552 2642 ¹

143 2654 171 2722 1)
191 2649 233 2706 Of.
249 2651 341 2707 Strab.
355 2651 421 2706 XIV
434 2669 461 2722 p.
473 2657 525 2708 648
539 2653 570 2707 et
583 2652 697 2707 Arietid.
713 2651 829 2718 Quintil.
840 2658 884 2722 32,
903 2650 982 2706 cuins
1001 2650 1090 2708 verba

68 2727 142 2800 μετὰ
170 2729 371 2802 πειιλασμόνης
397 2733 572 2801 οιιοκρίσεοις
594 2731 807 2792 Rossbachium·
825 2734 855 2786 et
879 2731 1088 2801 Westphalium

71 2810 179 2867 metris.
190 2828 219 2881 p.
231 2807 297 2866 326¹
310 2826 459 2882 perperam
471 2812 672 2882 interpretatos
687 2829 746 2867 esse
760 2813 790 2866 et
803 2811 908 2866 frustra
917 2811 1090 2866 Meinelrium

70 2890 142 2946 dier.
156 2890 266 2961 antiqu.
283 2895 360 2946 1849·
370 2908 398 2960 p.
412 2898 466 2947 414
483 2893 607 2948 mutasse
625 2889 656 2946 in
674 2888 745 2962 perd
764 2887 956 2961 κεκλεισμένης
973 2886 1093 2962 ὑποκαί-Ι

71 2988 143 3034 σειις
161 2971 292 3039 arbitror,
313 2971 363 3026 sed
377 2973 452 3028 recte
466 2970 638 3026 intellexisse
652 2969 781 3026 Iahnium
793 2970 814 3028 l.
829 2989 850 3026 s.
864 2988 892 3041 p.
904 2975 956 3025 2⁶8
971 2971 1035 3026 adn.
1046 2976 1088 3026 67.

142 3051 171 3119 2)
191 3049 235 3103 De
254 3047 436 3120 ἰωνικολόγος
454 3048 489 3105 cf.
504 3049 607 3106 Athen.
621 3049 687 3106 XIV
700 3070 728 3122 p.
744 3056 821 3118 626⁰,
839 3052 875 3106 de
894 3049 1015 3106 Sotadeo
1034 3049 1089 3106 Hc·

72 3129 185 3199 pbsert.
204 3147 233 3202 p.
253 3135 269 3184 6
288 3130 390 3200 (loiri,
419 3130 454 3184 de
478 3129 662 3188 Cleomacbeo
681 3131 866 3204 Meinelrium,
894 3129 968 3185 Gom.
994 3127 1043 3186 Gr.
1063 3129 1090 3183 11

72 3226 99 3278 p.
118 3213 154 3265 27
169 3225 225 3280 eq.;
250 3209 315 3266 vide
339 3210 426 3265 etiam
449 3208 558 3265 cinaedi
580 3207 761 3264 insulsissimi
785 3225 881 3263 verens
899 3208 975 3278 apud
993 3207 1090 3263 Petro-

73 3289 165 3358 nium,
183 3291 263 3346 satir.
282 3295 326 3345 2³.

144 3371 175 3440 3)
199 3368 280 3436 Quod
300 3369 324 3423 ei
342 3369 518 3440 probaveris,
543 3371 594 3425 ant
611 3367 793 3438 neglegentis
810 3365 944 3438 Diogenis
967 3383 1090 3423 errorem

73 3451 203 3505 exortum
216 3464 278 3505 osse
293 3449 405 3506 credere
417 3447 526 3520 poteris
539 3451 591 3504 aut
603 3448 755 3504 oscitantis
767 3446 957 3518 librariorum,
972 3463 1091 3517 quornm
1181 3511 1187 3522 .

75 3530 158 3600 culpa
180 3529 248 3600 poet
264 3530 395 3596 ,τείνοντα
417 3528 593 3586 interciderit
611 3525 650 3582 τὰ
669 3522 795 3594 πάντας
823 3528 947 3582 ceterum
970 3525 1012 3588 εἰς
1037 3523 1089 3594 ἔτη

75 3610 180 3664 τείνειν
198 3605 332 3692 διακόσια
351 3611 407 3682 (ap.
425 3607 514 3666 laert
529 3608 543 3662 Ι
557 3613 602 3678 34)
621 3606 750 3663 similiter
765 3605 836 3662 dixit
848 3605 946 3662 lobon
959 3605 1089 3674 Argivus.
