2544 3998
569 225 610 235 -
659 189 723 254 126
768 226 811 235 -
1071 211 1204 256 rmours

179 353 300 415 Studien
325 370 362 414 ιιι
385 354 413 414 d.
433 370 478 428 pr.
501 352 608 412 Floro
631 372 661 430 p.
685 354 749 414 140
773 357 804 413 et
827 353 1031 430 Heidelbcrper
1053 355 1204 417 Faetscbr.

178 469 233 512 sur
259 451 441 512 Kurlsruder
463 449 731 524 Fidelem-Vere.
758 471 787 528 p.
813 453 849 528 63
880 451 990 510 Kaibel
1022 453 1118 530 epigr.
1149 452 1202 513 Gr.

178 570 208 626 p.
225 539 340 629 1112);
365 547 505 609 similiter
524 545 666 607 Graeculi
690 547 742 625 qui
764 567 846 609 nunc
869 554 942 611 suut
964 550 1112 612 adhibent
1130 572 1204 611 κου-

179 640 280 708 ιιούτσι
312 638 364 728 (cf.
394 645 547 706 Scarlatos
574 643 630 717 λεξ.
657 646 709 722 τῆς
730 639 848 725 Ἑλλην.
877 647 951 711 διαλ.
977 667 999 710 s.
1022 641 1077 731 a).
1101 680 1146 691 -
1170 649 1204 707 in

179 766 207 806 v.
222 746 243 804 4
263 762 448 823 quamquam
465 737 588 804 videtur
606 759 694 820 posse
712 736 808 820 μάτην
821 737 985 820 φεύξεσθαι
1000 744 1084 804 idem
1097 746 1203 807 valere

180 846 273 919 atque
297 842 392 919 ματᾶν
415 833 579 916 φεύξεσθαι
600 839 621 898 i.
640 858 664 898 e.
686 833 814 900 ‘frustra
837 842 958 902 studere
981 846 1018 902 ut
1042 835 1201 921 effugiam’

181 931 266 1021 (nam
284 932 406 1018 φεύγειν
425 937 608 1015 aliquotiens
628 937 780 1014 significat
798 939 922 1014 effupore
939 931 1078 1022 studere),
1097 945 1204 1000 tamen

180 1036 400 1097 sententiarum
432 1053 547 1095 conexu
577 1034 675 1112 magis
708 1036 936 1096 commendatur
968 1036 1050 1114 quod
1084 1037 1202 1114 scripsi.

180 1165 223 1176 -
242 1154 270 1194 v.
291 1136 310 1193 5
326 1137 358 1194 et
373 1135 391 1193 6
415 1132 571 1208 praedicat
588 1131 726 1191 misellus
745 1132 920 1194 adulescens
939 1133 1059 1210 divites,
1075 1134 1205 1192 minime

180 1248 342 1310 pauperes,
374 1247 444 1289 cum
474 1229 535 1306 ipsi
561 1248 616 1307 per
645 1233 859 1306 paupertatem
886 1231 984 1308 perire
1012 1230 1206 1290 destinatum

181 1330 222 1390 sit
241 1321 283 1409 (v.
300 1318 348 1408 8);
371 1326 476 1404 itaque
500 1320 540 1404 μῆ
559 1330 629 1386 ante
654 1324 767 1405 ἔχοντες
789 1327 897 1404 nequit
915 1325 1037 1386 defendi
1055 1326 1205 1386 Meinekii

180 1424 431 1502 interpretatione
455 1424 508 1502 qui
531 1423 563 1483 in
585 1443 621 1484 eo
641 1443 761 1502 quoque
785 1424 918 1502 fallitur,
942 1423 1024 1501 quod
1047 1420 1093 1483 ἕνλ
1112 1425 1205 1506 σχολῆ

180 1507 275 1585 vertit
298 1517 345 1582 ‘ta
362 1515 490 1582 Mosse'.
526 1521 616 1584 mitto
644 1521 726 1599 quod
754 1519 801 1581 aa
828 1524 949 1601 σχολῆς,
977 1513 1051 1580 κατὰ
1080 1515 1205 1600 σχολῆν,

180 1613 251 1699 μετὰ
273 1621 392 1700 σχολῆς,
419 1611 480 1680 ὑπὸ
503 1619 622 1698 σχολῆς,
647 1620 736 1700 σχολῆ
764 1618 888 1696 dicitur,
918 1636 1069 1697 nusquam
1098 1618 1206 1695 quoad

182 1718 246 1778 eius
278 1717 371 1777 sciam
403 1713 448 1777 at
480 1717 583 1799 σχολῆ;
616 1715 669 1774 sed
701 1715 739 1774 ab
770 1716 827 1775 hoc
855 1717 921 1776 loco
948 1717 1020 1776 talis
1048 1717 1207 1776 sententia

180 1815 302 1876 omnino
321 1813 472 1873 abhorret.
509 1812 591 1891 quod
610 1813 636 1872 si
654 1831 705 1873 eos
723 1813 898 1889 praedicare
917 1813 1017 1875 voluit
1033 1814 1205 1873 stoicorum

181 1912 357 1989 discipulus,
378 1909 431 1986 qui
449 1909 538 1988 genio
558 1928 613 1969 suo
632 1909 826 1988 indulgentes
844 1929 909 1969 rem
927 1911 1110 1970 familiarem
1133 1928 1207 1969 con-

180 2009 331 2086 fecerunt,
357 2011 438 2067 certe
461 2006 567 2067 debuit
588 2026 643 2084 pro
668 2007 724 2067 otii
746 2007 869 2067 notione
892 2009 1083 2090 voluptatem
1106 2007 1204 2086 signi-

180 2105 278 2164 ficare.
315 2105 407 2164 immo
431 2100 475 2164 ot
498 2106 586 2186 σχολῆ
609 2105 692 2164 valet
710 2097 753 2162 ‘in
772 2098 899 2165 schola':
922 2104 966 2164 ibi
984 2105 1130 2164 nimirum
1147 2107 1205 2166 ille

180 2204 356 2263 adulescens
375 2221 513 2264 nummos
531 2203 647 2263 frustra
666 2205 901 2280 consumpserat.
935 2221 1012 2280 quae
1032 2221 1102 2262 cnm
1118 2207 1206 2264 reete

130 2307 133 2312 '
180 2301 384 2362 intellexisset
414 2301 671 2360 Zimmcrmannus
699 2301 719 2359 l.
743 2318 765 2359 s.
793 2299 982 2358 incredibilia
1014 2300 1206 2378 excogitavit

181 2398 217 2458 de
248 2399 388 2475 νηφῆνοις
420 2396 526 2474 verbo,
559 2416 619 2474 quo
651 2399 720 2458 uult
752 2396 901 2474 appellari
928 2415 979 2456 eos
1008 2390 1074 2474 ‘qui
1101 2398 1205 2474 philo·

181 2494 304 2570 sophiae
333 2493 442 2554 studiis
466 2493 561 2553 dediti
583 2495 700 2554 nullam
723 2495 767 2553 rei
790 2494 930 2572 publicae
953 2497 1072 2572 partem
1096 2513 1204 2572 capes·

180 2584 269 2650 sant'.
310 2591 355 2650 rei
377 2591 517 2668 publicae
540 2593 643 2650 tamen
665 2591 835 2654 neTimon
859 2590 981 2668 quidem
1004 2609 1130 2669 operam
1149 2591 1204 2652 de·

180 2687 226 2747 dit
252 2687 298 2746 ita
325 2691 362 2748 ut
389 2687 495 2748 eodem
521 2687 587 2747 iure
617 2707 648 2748 se
675 2688 741 2766 ipse
767 2691 892 2768 κηφῆνα
917 2707 1026 2749 vocare
1049 2690 1205 2765 potuerit!

178 2788 337 2862 praeterea
363 2785 550 2863 antiquiores
574 2786 662 2847 stoici
684 2799 878 2863 nequaquam
900 2787 1130 2862 praeceperunt,
1155 2803 1204 2844 sa-

178 2883 290 2961 pientis
323 2901 388 2943 csse
421 2901 452 2942 se
485 2901 504 2942 a
533 2884 664 2963 negotiis
690 2882 822 2961 publicis
849 2900 1013 2943 removere.
1063 2880 1205 2941 acerbior
1259 2903 1260 2972 χ

179 2980 283 3059 potius
311 2979 416 3040 subest
443 2980 598 3042 cavillatio
623 2999 692 3041 cum
714 2981 845 3041 aliorum
867 2978 1109 3058 dogmaticomm
1131 2981 1203 3038 tum

179 3079 344 3139 stoicorum
371 3095 447 3156 quos
471 3071 580 3138 ‘fucos'
609 3078 777 3156 appellavit
800 3076 908 3136 Timon
935 3080 1094 3154 tamquam
1121 3075 1202 3137 desi·
1259 3087 1260 3104 ³

179 3175 280 3235 diosos
302 3193 427 3253 prorsus
450 3178 482 3234 et
503 3174 631 3252 ignavos
653 3176 803 3253 homines,
833 3174 887 3252 qui
910 3174 1058 3234 desudare
1080 3173 1113 3232 in
1136 3195 1202 3236 mo-

180 3271 265 3331 lestis
297 3273 429 3350 negotiis
459 3273 576 3332 nollent
603 3273 656 3332 sed
678 3273 769 3352 nugis
792 3272 855 3332 suis
879 3275 910 3332 et
932 3272 1045 3349 ineptis
1069 3273 1202 3350 argutiis

181 3368 345 3447 discipulos
373 3374 544 3449 captarent,
577 3389 707 3448 quorum
734 3371 821 3431 bonis
843 3372 1057 3448 paupertatem
1080 3373 1201 3431 susten·

179 3470 282 3527 tarent
300 3470 337 3527 ut
355 3467 419 3528 fuci
437 3461 590 3547 ἀλλότριον
607 3462 740 3548 πύματον
758 3466 903 3549 σφετέρην
922 3467 952 3542 ἐς
966 3461 1080 3549 γαστέρ’
1102 3461 1202 3548 ἆμῶν-

179 3587 226 3626 ται
251 3557 387 3648 (Hesiod.
411 3566 512 3646 theog.
537 3559 625 3649 599).
1259 3577 1260 3586 ’
