2544 3998
565 232 606 242 -
653 194 696 260 96
744 231 784 242 -
1060 219 1191 263 rnrours

171 354 236 424 et‘
241 354 318 423 visa’
351 351 560 466 (φαντασίας),
592 359 644 419 sed
677 359 715 418 ab
747 359 789 418 eis
822 358 954 418 seiunxit
985 359 1190 422 Parmenides.

171 461 225 538 qui
252 465 321 519 ante
346 477 468 519 versum
489 458 621 534 primum
645 476 663 516 a
685 456 820 534 Diogene
845 457 974 516 allatum
997 456 1087 517 dixit:
1116 451 1190 518 ἀλλά

171 552 208 618 σὺ
226 550 358 618 rr'od''
342 578 390 634 αφ
393 548 506 616 ’ioco
521 548 704 632 διζήσιος”
669 573 762 634 capys
780 547 897 632 νόημα
912 545 964 634 (of.
979 554 1060 614 Sext.
1074 555 1191 633 Empir

171 656 237 715 adv.
257 655 346 733 logie.
365 654 381 713 I
402 657 463 713 111
484 651 676 732 Παρμενίδης
699 655 750 713 τοῦ
774 647 902 729 μὲνξ
849 649 902 723 ὃοξ
903 654 993 712 cerco
1013 648 1104 733 λόγον
1122 676 1191 714 κατ-

172 749 258 832 έγνω,
278 800 284 811 .
300 795 330 811 ..
348 744 400 812 τὸν
419 744 447 809 d’
470 742 743 827 ἐπιστημονικὸν..
763 741 890 808 ἀπέθετο
912 739 1076 828 κριτήριον,
1104 743 1192 812 ἀνιο-

172 843 255 922 στάς
278 846 328 909 καί
350 851 402 926 τῆς
424 850 484 908 τῶν
502 841 673 925 αἰσθήσεων
690 838 843 927 obtemp
866 845 972 922 itaque
990 839 1050 906 ἀπὸ
1069 867 1126 925 pro
1145 846 1193 909 ἐπὶ

172 947 302 1008 restitui.
358 946 488 1006 coniciet
520 961 592 1004 sane
626 945 777 1022 quispiam
809 943 903 1003 etiam
934 962 989 1020 pro
1021 937 1194 1007 ἀνενείκατο

173 1044 363 1104 scribendum
387 1061 451 1103 esse
473 1034 654 1103 ἀνενείκατο.
692 1041 774 1119 quod
794 1042 821 1100 si
838 1040 988 1100 traditum
1006 1046 1094 1120 esset,
1117 1043 1196 1104 bene

173 1145 264 1202 esset:
296 1142 349 1201 sed
382 1140 463 1218 quod
489 1140 561 1198 libri
590 1157 692 1199 omnes
719 1139 877 1218 praebent,
910 1158 970 1199 non
992 1141 1093 1200 minus
1118 1141 1196 1202 bene

173 1239 318 1317 explicari
335 1241 445 1316 potest,
464 1238 608 1315 quoniam
626 1231 831 1314 ἀναφέρεσθαι
849 1237 1002 1315 significat
1015 1229 1195 1300 ‘abducere'

173 1337 236 1398 sive
255 1329 300 1394 ‘in
322 1337 423 1394 locum
446 1339 550 1394 tutum
568 1327 753 1412 transferre’,
772 1335 876 1412 itaque
895 1336 1031 1412 apprime
1050 1336 1197 1396 idoneum

173 1436 221 1492 est
243 1434 299 1492 hoo
322 1435 397 1510 loco,
420 1434 599 1510 praesertim
622 1451 691 1492 oum
715 1432 908 1492 Parmenides
930 1432 995 1509 ipse
1019 1435 1199 1495 constanter

173 1531 235 1590 fere
274 1530 313 1589 ad
348 1530 451 1590 ambas
489 1531 639 1590 sentiendi
668 1530 801 1590 rationes
834 1529 1041 1607 exprimendas
1073 1530 1198 1590 viarum

172 1627 349 1708 itinerisque
378 1628 510 1706 imagine
538 1646 612 1688 usus
641 1629 681 1688 sit
709 1619 761 1708 (of.
789 1646 911 1688 versum
939 1645 1031 1704 supra
1059 1627 1197 1704 adscrip-

174 1717 681 1807 mummmmw

240 1823 391 1901 Ambigue
411 1844 438 1883 r.
457 1828 472 1881 1
493 1816 658 1894 ιτολάδοξος
676 1826 871 1899 nuncupatur
889 1822 1093 1900 Parmenides,
1112 1823 1196 1882 idem

175 1922 254 1981 enim
286 1924 333 1980 est
364 1913 529 1991 πολίδοξος
562 1923 654 1996 atque
682 1913 804 1992 εὔδοξος
830 1921 849 1978 i.
874 1940 897 1979 e.
921 1921 1108 1997 praeclarus3
1143 1923 1198 1982 sed

175 2018 279 2079 subest
293 2017 497 2097 notio'altera,
512 2037 548 2076 ex
561 2037 622 2095 qua
634 2018 725 2078 homo
738 2018 843 2077 multis
859 2018 1049 2095 opinionibus
1063 2019 1197 2080 refertus

175 2116 220 2176 ita
243 2113 433 2194 significatur
450 2118 487 2174 ut
505 2108 578 2187 δόξα
601 2116 741 2192 opposita
760 2116 800 2175 sit
818 2109 969 2197 ἐπιστήμῃ,
988 2115 1132 2176 similiter
1150 2123 1197 2178 at·
1262 2185 1263 2194 ,

98 2275 101 2282 ,
176 2234 234 2292 que
258 2213 378 2290 scripsit
400 2212 579 2272 Damascius
603 2232 649 2290 ap.
672 2213 760 2273 Phot.
784 2212 857 2272 bibl.
879 2233 908 2290 p.
929 2203 1010 2271 337b
1034 2213 1075 2272 38
1105 2218 1199 2273 ποία·

176 2310 277 2386 δοξίας
302 2314 413 2392 μᾶλλον
435 2311 529 2373 αἴτιον
552 2304 623 2371 ὄντα
645 2305 666 2387 ἥ
689 2311 858 2382 ποίανοίας.
905 2328 982 2387 quae
1006 2310 1199 2387 amphibolia

176 2428 210 2471 eo
240 2411 333 2470 etiarn
357 2409 492 2468 acerbior
514 2414 545 2470 et
568 2409 695 2469 facetior
721 2408 872 2486 redditur,
896 2407 978 2484 qnod
1000 2407 1198 2470 Parmenides

175 2506 241 2583 ipse
266 2499 357 2576 δόξαν
384 2505 440 2565 hac
463 2508 616 2583 potestate
643 2523 732 2582 saepe
759 2506 921 2584 usurparit
948 2497 1000 2585 (cf.
1021 2505 1197 2590 vKarstenus
1261 2533 1262 2550 ι

176 2602 216 2663 ad
237 2602 406 2677 Parmenid.
429 2623 457 2664 v.
478 2606 520 2664 30
542 2625 571 2681 p.
593 2594 663 2684 68),
688 2607 719 2663 et
742 2607 906 2680 postquam
929 2602 1084 2679 inpriore
1107 2608 1198 2681 parte

176 2699 316 2759 carminis
341 2701 480 2776 exposuit
504 2719 539 2760 ea
563 2720 640 2780 quae
663 2719 735 2762 vera
758 2719 823 2760 esse
846 2720 907 2760 non
930 2702 1029 2764 solum
1042 2700 1111 2760 'sibi
1129 2721 1197 2779 per-

176 2797 273 2858 suasit
300 2797 353 2858 sed
380 2817 416 2857 ex
444 2802 508 2858 arte
533 2802 564 2858 et
585 2799 702 2858 ratione
727 2797 959 2877 demonstrarit,
987 2817 1042 2876 per
1065 2800 1197 2858 alteram

175 2898 273 2955 totam
304 2899 422 2972 partem
454 2892 521 2974 περὶ
554 2895 746 2976 φυσιολογίας
778 2897 933 2959 enarravit
964 2897 1056 2978 uulgi¹
1083 2897 1197 2974 impro-
1260 2911 1261 2956 t

175 2993 291 3054 babiles
320 2993 488 3072 opiniones,
520 2996 557 3053 nt
584 2994 649 3070 ipse
676 2993 733 3053 ait:
766 2990 799 3053 ἐν
826 2996 865 3076 τῷ
889 3010 936 3054 σοι
957 2987 1044 3054 κατίοι
1068 2988 1198 3055 πιστὸν

176 3085 283 3172 λόγον
305 3083 360 3169 ἠδὲ
382 3085 499 3170 νόημα
519 3087 523 3170 Ι
545 3084 638 3169 ἀμφὶς
660 3084 814 3170 ἀληθείης·
840 3085 948 3164 δόξας
971 3084 999 3150 δ’
1025 3084 1086 3152 ἀπὸ
1108 3092 1197 3153 τοῦδε

176 3188 308 3266 βροτείας
333 3183 337 3267 Ι
363 3182 513 3267 μάνθανε,
536 3183 648 3267 κόσμον
670 3187 749 3268 ἐμῶν
772 3186 868 3260 ἔντε’ῳν
890 3182 1041 3266 ἀπατηλὸν
1065 3182 1196 3252 ἀκούων.

578 3433 792 3444 -ι--ι-ι-
