<?xml version="1.0" encoding="UTF-8"?>
<!DOCTYPE html PUBLIC "-//W3C//DTD XHTML 1.0 Transitional//EN"
    "http://www.w3.org/TR/xhtml1/DTD/xhtml1-transitional.dtd">
<html xmlns="http://www.w3.org/1999/xhtml" xml:lang="en" lang="en">
 <head>
  <title>
</title>
<meta http-equiv="Content-Type" content="text/html;charset=utf-8" />
  <meta name='ocr-system' content='tesseract 3.04.00' />
  <meta name='ocr-capabilities' content='ocr_page ocr_carea ocr_par ocr_line ocrx_word'/>
</head>
<body>
  <div class='ocr_page' id='page_1' title='image "./sillographorumg00wachgoog_0113.png"; bbox 0 0 2544 3998; ppageno 0'>
   <div class='ocr_carea' id='block_1_1' title="bbox 546 179 1186 245">
    <p class='ocr_par' dir='ltr' id='par_1_1' title="bbox 546 179 1186 245">
     <span class='ocr_line' id='line_1_1' title="bbox 546 179 1186 245; baseline -0.005 0"><span class='ocrx_word' id='word_1_1' title='bbox 546 216 589 228; x_wconf 84' lang='lat'>-</span> <span class='ocrx_word' id='word_1_2' title='bbox 636 179 701 245; x_wconf 91' lang='grc'>110</span> <span class='ocrx_word' id='word_1_3' title='bbox 749 215 788 226; x_wconf 87' lang='lat'>-·</span> <span class='ocrx_word' id='word_1_4' title='bbox 1051 197 1186 242; x_wconf 74' lang='lat' dir='ltr'>umorue</span> 
     </span>
    </p>
   </div>
   <div class='ocr_carea' id='block_1_2' title="bbox 155 329 1187 584">
    <p class='ocr_par' dir='ltr' id='par_1_2' title="bbox 155 329 1187 584">
     <span class='ocr_line' id='line_1_2' title="bbox 161 329 1186 407; baseline 0 -17"><span class='ocrx_word' id='word_1_5' title='bbox 161 336 257 405; x_wconf 75' lang='lat' dir='ltr'>filnes,</span> <span class='ocrx_word' id='word_1_6' title='bbox 281 337 316 392; x_wconf 85' lang='lat' dir='ltr'>de</span> <span class='ocrx_word' id='word_1_7' title='bbox 336 335 456 392; x_wconf 82' lang='lat' dir='ltr'>Platone</span> <span class='ocrx_word' id='word_1_8' title='bbox 475 336 608 392; x_wconf 83' lang='lat' dir='ltr'>matham.</span> <span class='ocrx_word' id='word_1_9' title='bbox 630 337 723 406; x_wconf 84' lang='grc'>(1861)</span> <span class='ocrx_word' id='word_1_10' title='bbox 742 336 812 390; x_wconf 84' lang='lat' dir='ltr'>sent</span> <span class='ocrx_word' id='word_1_11' title='bbox 833 335 921 390; x_wconf 66' lang='lat' dir='ltr'>nonu.</span> <span class='ocrx_word' id='word_1_12' title='bbox 941 335 994 400; x_wconf 82' lang='lat' dir='ltr'>1V3</span> <span class='ocrx_word' id='word_1_13' title='bbox 1019 329 1067 390; x_wconf 80' lang='grc' dir='ltr'><strong><em>ίτιλ</em></strong></span> <span class='ocrx_word' id='word_1_14' title='bbox 1085 334 1186 407; x_wconf 76' lang='grc' dir='ltr'><strong><em>μισθῷ</em></strong></span> 
     </span>
     <span class='ocr_line' id='line_1_3' title="bbox 155 419 1187 496; baseline 0 -18"><span class='ocrx_word' id='word_1_15' title='bbox 155 425 296 496; x_wconf 82' lang='lat' dir='ltr'>¹Wolters,</span> <span class='ocrx_word' id='word_1_16' title='bbox 312 426 346 480; x_wconf 90' lang='lat' dir='ltr'>de</span> <span class='ocrx_word' id='word_1_17' title='bbox 361 424 449 496; x_wconf 88' lang='lat' dir='ltr'>epigr.</span> <span class='ocrx_word' id='word_1_18' title='bbox 463 422 511 480; x_wconf 80' lang='lat' dir='ltr'>Gr.</span> <span class='ocrx_word' id='word_1_19' title='bbox 526 423 633 480; x_wconf 82' lang='lat' dir='ltr'>anthol.</span> <span class='ocrx_word' id='word_1_20' title='bbox 649 425 741 494; x_wconf 78' lang='lat'>(1882)</span> <span class='ocrx_word' id='word_1_21' title='bbox 757 425 827 480; x_wconf 77' lang='lat' dir='ltr'>sent</span> <span class='ocrx_word' id='word_1_22' title='bbox 843 426 930 479; x_wconf 72' lang='lat' dir='ltr'>conta</span> <span class='ocrx_word' id='word_1_23' title='bbox 944 422 997 492; x_wconf 85' lang='lat' dir='ltr'>IV;</span> <span class='ocrx_word' id='word_1_24' title='bbox 1017 419 1187 493; x_wconf 68' lang='grc' dir='ltr'><strong><em>ἐπίτριπτοι</em></strong></span> 
     </span>
     <span class='ocr_line' id='line_1_4' title="bbox 162 511 876 584; baseline -0.006 -14"><span class='ocrx_word' id='word_1_25' title='bbox 162 514 269 570; x_wconf 83' lang='lat' dir='ltr'>Vsener</span> <span class='ocrx_word' id='word_1_26' title='bbox 287 514 359 570; x_wconf 85' lang='lat' dir='ltr'>anal.</span> <span class='ocrx_word' id='word_1_27' title='bbox 378 513 518 583; x_wconf 84' lang='lat' dir='ltr'>Theophr.</span> <span class='ocrx_word' id='word_1_28' title='bbox 538 515 631 584; x_wconf 78' lang='grc'>(1858)</span> <span class='ocrx_word' id='word_1_29' title='bbox 650 513 720 568; x_wconf 84' lang='lat' dir='ltr'>sent.</span> <span class='ocrx_word' id='word_1_30' title='bbox 742 514 829 567; x_wconf 87' lang='lat' dir='ltr'>oontr.</span> <span class='ocrx_word' id='word_1_31' title='bbox 849 511 876 566; x_wconf 86' lang='lat' dir='ltr'><strong>V</strong></span> 
     </span>
    </p>
   </div>
   <div class='ocr_carea' id='block_1_3' title="bbox 160 679 1185 1054">
    <p class='ocr_par' dir='ltr' id='par_1_3' title="bbox 160 679 1185 1054">
     <span class='ocr_line' id='line_1_5' title="bbox 229 679 1185 759; baseline -0.004 -15"><span class='ocrx_word' id='word_1_32' title='bbox 229 701 325 744; x_wconf 85' lang='lat' dir='ltr'>conn.</span> <span class='ocrx_word' id='word_1_33' title='bbox 357 680 504 759; x_wconf 79' lang='grc' dir='ltr'><strong><em>ἐπίμικτος</em></strong></span> <span class='ocrx_word' id='word_1_34' title='bbox 532 699 593 740; x_wconf 87' lang='lat' dir='ltr'>non</span> <span class='ocrx_word' id='word_1_35' title='bbox 615 680 703 741; x_wconf 86' lang='lat' dir='ltr'>video</span> <span class='ocrx_word' id='word_1_36' title='bbox 727 699 782 739; x_wconf 91' lang='lat' dir='ltr'>our</span> <span class='ocrx_word' id='word_1_37' title='bbox 804 684 971 758; x_wconf 88' lang='lat' dir='ltr'>mutemus,</span> <span class='ocrx_word' id='word_1_38' title='bbox 995 699 1064 740; x_wconf 87' lang='lat' dir='ltr'>oum</span> <span class='ocrx_word' id='word_1_39' title='bbox 1086 679 1185 740; x_wconf 84' lang='lat' dir='ltr'>lioeet</span> 
     </span>
     <span class='ocr_line' id='line_1_6' title="bbox 162 770 1185 860; baseline -0.004 -20"><span class='ocrx_word' id='word_1_40' title='bbox 162 781 310 860; x_wconf 83' lang='lat' dir='ltr'>explicare</span> <span class='ocrx_word' id='word_1_41' title='bbox 344 774 414 858; x_wconf 77' lang='lat' dir='ltr'>‘qni</span> <span class='ocrx_word' id='word_1_42' title='bbox 450 797 482 839; x_wconf 89' lang='lat' dir='ltr'>se</span> <span class='ocrx_word' id='word_1_43' title='bbox 516 770 566 860; x_wconf 88' lang='lat' dir='ltr'>(in</span> <span class='ocrx_word' id='word_1_44' title='bbox 598 778 713 838; x_wconf 89' lang='lat' dir='ltr'>medios</span> <span class='ocrx_word' id='word_1_45' title='bbox 745 770 922 860; x_wconf 74' lang='lat' dir='ltr'>litigantes)</span> <span class='ocrx_word' id='word_1_46' title='bbox 955 771 1185 837; x_wconf 63' lang='lat' dir='ltr'>immuouerit’.</span> 
     </span>
     <span class='ocr_line' id='line_1_7' title="bbox 161 875 1184 954; baseline -0.006 -15"><span class='ocrx_word' id='word_1_47' title='bbox 161 882 296 939; x_wconf 79' lang='lat' dir='ltr'>ueterum</span> <span class='ocrx_word' id='word_1_48' title='bbox 317 881 425 938; x_wconf 90' lang='lat' dir='ltr'>notum</span> <span class='ocrx_word' id='word_1_49' title='bbox 448 880 495 938; x_wconf 87' lang='lat' dir='ltr'>est</span> <span class='ocrx_word' id='word_1_50' title='bbox 512 876 713 954; x_wconf 71' lang='lat' dir='ltr'>Protagoram</span> <span class='ocrx_word' id='word_1_51' title='bbox 733 875 765 934; x_wconf 93' lang='lat' dir='ltr'>id</span> <span class='ocrx_word' id='word_1_52' title='bbox 788 894 908 953; x_wconf 87' lang='lat' dir='ltr'>quoque</span> <span class='ocrx_word' id='word_1_53' title='bbox 933 894 964 935; x_wconf 89' lang='lat' dir='ltr'>se</span> <span class='ocrx_word' id='word_1_54' title='bbox 983 875 1089 935; x_wconf 87' lang='lat' dir='ltr'>dooere</span> <span class='ocrx_word' id='word_1_55' title='bbox 1114 876 1184 952; x_wconf 91' lang='lat' dir='ltr'>pol-</span> 
     </span>
     <span class='ocr_line' id='line_1_8' title="bbox 160 966 1185 1054; baseline -0.003 -19"><span class='ocrx_word' id='word_1_56' title='bbox 160 976 281 1036; x_wconf 86' lang='lat' dir='ltr'>licitum</span> <span class='ocrx_word' id='word_1_57' title='bbox 309 995 373 1036; x_wconf 86' lang='lat' dir='ltr'>esse</span> <span class='ocrx_word' id='word_1_58' title='bbox 405 968 456 1036; x_wconf 85' lang='grc' dir='ltr'>τὸν</span> <span class='ocrx_word' id='word_1_59' title='bbox 482 969 557 1052; x_wconf 76' lang='grc' dir='ltr'><strong><em>ἥττω</em></strong></span> <span class='ocrx_word' id='word_1_60' title='bbox 585 966 675 1054; x_wconf 89' lang='grc' dir='ltr'><strong><em>λόγον</em></strong></span> <span class='ocrx_word' id='word_1_61' title='bbox 701 971 818 1052; x_wconf 80' lang='grc' dir='ltr'><strong><em>κρείττω</em></strong></span> <span class='ocrx_word' id='word_1_62' title='bbox 846 977 956 1034; x_wconf 71' lang='lat' dir='ltr'>noreio:</span> <span class='ocrx_word' id='word_1_63' title='bbox 990 973 1027 1031; x_wconf 87' lang='lat' dir='ltr'>of.</span> <span class='ocrx_word' id='word_1_64' title='bbox 1050 971 1185 1032; x_wconf 79' lang='lat' dir='ltr'>Aristot.</span> 
     </span>
    </p>
   </div>
   <div class='ocr_carea' id='block_1_4' title="bbox 160 1071 620 1152">
    <p class='ocr_par' dir='ltr' id='par_1_4' title="bbox 160 1071 620 1152">
     <span class='ocr_line' id='line_1_9' title="bbox 160 1071 620 1152; baseline -0.007 -19"><span class='ocrx_word' id='word_1_65' title='bbox 160 1075 237 1135; x_wconf 89' lang='lat' dir='ltr'>rhet.</span> <span class='ocrx_word' id='word_1_66' title='bbox 260 1073 292 1133; x_wconf 95' lang='grc' dir='ltr'>Π</span> <span class='ocrx_word' id='word_1_67' title='bbox 315 1075 370 1152; x_wconf 81' lang='lat'>24,</span> <span class='ocrx_word' id='word_1_68' title='bbox 395 1071 470 1136; x_wconf 80' lang='lat' dir='ltr'>Gall.</span> <span class='ocrx_word' id='word_1_69' title='bbox 494 1071 522 1130; x_wconf 84' lang='lat' dir='ltr'><strong>V</strong></span> <span class='ocrx_word' id='word_1_70' title='bbox 542 1074 571 1149; x_wconf 85' lang='lat'>3,</span> <span class='ocrx_word' id='word_1_71' title='bbox 592 1075 620 1131; x_wconf 84' lang='lat'>7.</span> 
     </span>
    </p>
   </div>
   <div class='ocr_carea' id='block_1_5' title="bbox 419 1345 869 1552">
    <p class='ocr_par' dir='ltr' id='par_1_5' title="bbox 419 1345 869 1552">
     <span class='ocr_line' id='line_1_10' title="bbox 645 1345 689 1405; baseline 0 0"><span class='ocrx_word' id='word_1_72' title='bbox 645 1345 689 1405; x_wconf 75' lang='lat' dir='ltr'>xx</span> 
     </span>
     <span class='ocr_line' id='line_1_11' title="bbox 419 1459 869 1552; baseline -0.013 -3"><span class='ocrx_word' id='word_1_73' title='bbox 419 1461 631 1552; x_wconf 62' lang='lat' dir='ltr'>taedente</span> <span class='ocrx_word' id='word_1_74' title='bbox 657 1459 869 1550; x_wconf 75' lang='grc' dir='ltr'><strong><em>ὡοοίονοτήο</em></strong></span> 
     </span>
    </p>
   </div>
   <div class='ocr_carea' id='block_1_6' title="bbox 160 1573 374 1584">
    <p class='ocr_par' dir='ltr' id='par_1_6' title="bbox 160 1573 374 1584">
     <span class='ocr_line' id='line_1_12' title="bbox 160 1573 374 1584; baseline 0 0"><span class='ocrx_word' id='word_1_75' title='bbox 160 1573 374 1584; x_wconf 70' lang='lat' dir='ltr'>t——u-—n</span> 
     </span>
    </p>
   </div>
   <div class='ocr_carea' id='block_1_7' title="bbox 161 1622 1183 2298">
    <p class='ocr_par' dir='ltr' id='par_1_7' title="bbox 161 1622 1183 2298">
     <span class='ocr_line' id='line_1_13' title="bbox 229 1622 1183 1708; baseline -0.002 -17"><span class='ocrx_word' id='word_1_76' title='bbox 229 1649 314 1692; x_wconf 66' lang='lat' dir='ltr'>unsa.</span> <span class='ocrx_word' id='word_1_77' title='bbox 356 1632 568 1692; x_wconf 74' lang='lat' dir='ltr'><strong>Athenaeus</strong></span> <span class='ocrx_word' id='word_1_78' title='bbox 591 1630 635 1690; x_wconf 90' lang='lat' dir='ltr'>IX</span> <span class='ocrx_word' id='word_1_79' title='bbox 657 1650 686 1706; x_wconf 90' lang='lat' dir='ltr'>p.</span> <span class='ocrx_word' id='word_1_80' title='bbox 709 1631 789 1690; x_wconf 72' lang='grc' dir='ltr'>406θ</span> <span class='ocrx_word' id='word_1_81' title='bbox 817 1622 881 1688; x_wconf 73' lang='grc' dir='ltr'><strong><em>ἀλλ’</em></strong></span> <span class='ocrx_word' id='word_1_82' title='bbox 911 1626 1015 1708; x_wconf 76' lang='grc' dir='ltr'><strong><em>ἔγωγε,</em></strong></span> <span class='ocrx_word' id='word_1_83' title='bbox 1045 1624 1142 1705; x_wconf 78' lang='grc' dir='ltr'><strong><em>φησίν</em></strong></span> <span class='ocrx_word' id='word_1_84' title='bbox 1167 1622 1183 1689; x_wconf 84' lang='grc' dir='ltr'><strong><em>δ</em></strong></span> 
     </span>
     <span class='ocr_line' id='line_1_14' title="bbox 161 1717 1183 1808; baseline -0.003 -20"><span class='ocrx_word' id='word_1_85' title='bbox 161 1722 355 1808; x_wconf 82' lang='grc' dir='ltr'><strong><em>Δημόκριτος,</em></strong></span> <span class='ocrx_word' id='word_1_86' title='bbox 378 1722 435 1789; x_wconf 86' lang='grc' dir='ltr'><strong><em>σιἰκ</em></strong></span> <span class='ocrx_word' id='word_1_87' title='bbox 454 1721 497 1788; x_wconf 70' lang='grc' dir='ltr'>οδν</span> <span class='ocrx_word' id='word_1_88' title='bbox 516 1721 724 1807; x_wconf 74' lang='grc' dir='ltr'><strong><em>«λαβοίργορος</em></strong></span> <span class='ocrx_word' id='word_1_89' title='bbox 742 1720 948 1807; x_wconf 73' lang='grc' dir='ltr'><strong><em>ὦρολογητής)</em></strong></span> <span class='ocrx_word' id='word_1_90' title='bbox 966 1718 1040 1786; x_wconf 77' lang='grc' dir='ltr'><strong><em>κατὰ</em></strong></span> <span class='ocrx_word' id='word_1_91' title='bbox 1057 1717 1111 1785; x_wconf 83' lang='grc' dir='ltr'>τὸν</span> <span class='ocrx_word' id='word_1_92' title='bbox 1133 1725 1183 1785; x_wconf 91' lang='grc' dir='ltr'>Τί-</span> 
     </span>
     <span class='ocr_line' id='line_1_15' title="bbox 161 1818 1181 1907; baseline -0.005 -21"><span class='ocrx_word' id='word_1_93' title='bbox 161 1848 260 1904; x_wconf 81' lang='grc' dir='ltr'><strong><em>μωνος</em></strong></span> <span class='ocrx_word' id='word_1_94' title='bbox 274 1821 427 1904; x_wconf 73' lang='grc' dir='ltr'><strong><em>Πρόδικον</em></strong></span> <span class='ocrx_word' id='word_1_95' title='bbox 446 1818 504 1907; x_wconf 87' lang='lat' dir='ltr'>(sic</span> <span class='ocrx_word' id='word_1_96' title='bbox 523 1844 597 1886; x_wconf 89' lang='lat' dir='ltr'>oorr.</span> <span class='ocrx_word' id='word_1_97' title='bbox 615 1825 751 1884; x_wconf 88' lang='lat' dir='ltr'>Meineke</span> <span class='ocrx_word' id='word_1_98' title='bbox 771 1842 864 1883; x_wconf 87' lang='lat' dir='ltr'>exero.</span> <span class='ocrx_word' id='word_1_99' title='bbox 884 1825 916 1883; x_wconf 93' lang='lat' dir='ltr'>in</span> <span class='ocrx_word' id='word_1_100' title='bbox 932 1821 1074 1882; x_wconf 85' lang='lat' dir='ltr'>Athenl</span> <span class='ocrx_word' id='word_1_101' title='bbox 1091 1843 1121 1899; x_wconf 90' lang='lat' dir='ltr'>p.</span> <span class='ocrx_word' id='word_1_102' title='bbox 1139 1824 1181 1882; x_wconf 84' lang='lat'>31</span> 
     </span>
     <span class='ocr_line' id='line_1_16' title="bbox 161 1915 1183 2000; baseline -0.005 -16"><span class='ocrx_word' id='word_1_103' title='bbox 161 1949 203 1972; x_wconf 82' lang='lat'><em>=</em></span> <span class='ocrx_word' id='word_1_104' title='bbox 228 1924 306 1984; x_wconf 88' lang='lat' dir='ltr'>anal.</span> <span class='ocrx_word' id='word_1_105' title='bbox 330 1923 369 1982; x_wconf 92' lang='lat' dir='ltr'>ad</span> <span class='ocrx_word' id='word_1_106' title='bbox 390 1923 463 1983; x_wconf 82' lang='lat' dir='ltr'>Ath.</span> <span class='ocrx_word' id='word_1_107' title='bbox 486 1943 514 2000; x_wconf 91' lang='lat' dir='ltr'>p.</span> <span class='ocrx_word' id='word_1_108' title='bbox 538 1925 599 1982; x_wconf 81' lang='grc'>176</span> <span class='ocrx_word' id='word_1_109' title='bbox 623 1941 678 1999; x_wconf 93' lang='lat' dir='ltr'>pro</span> <span class='ocrx_word' id='word_1_110' title='bbox 701 1915 897 2000; x_wconf 77' lang='grc' dir='ltr'><strong><em>πρόδειττνον,</em></strong></span> <span class='ocrx_word' id='word_1_111' title='bbox 929 1921 1010 1998; x_wconf 91' lang='lat' dir='ltr'>quod</span> <span class='ocrx_word' id='word_1_112' title='bbox 1037 1920 1069 1978; x_wconf 91' lang='lat' dir='ltr'>in</span> <span class='ocrx_word' id='word_1_113' title='bbox 1096 1920 1183 1998; x_wconf 85' lang='grc' dir='ltr'><strong><em>περί-</em></strong></span> 
     </span>
     <span class='ocr_line' id='line_1_17' title="bbox 161 2017 1183 2097; baseline -0.004 -17"><span class='ocrx_word' id='word_1_114' title='bbox 161 2020 284 2080; x_wconf 81' lang='grc' dir='ltr'><strong><em>δειπνον</em></strong></span> <span class='ocrx_word' id='word_1_115' title='bbox 294 2018 370 2094; x_wconf 87' lang='lat' dir='ltr'>[soil.</span> <span class='ocrx_word' id='word_1_116' title='bbox 380 2018 543 2095; x_wconf 81' lang='lat' dir='ltr'>Arcesilai]</span> <span class='ocrx_word' id='word_1_117' title='bbox 553 2039 712 2097; x_wconf 77' lang='lat' dir='ltr'>perperam</span> <span class='ocrx_word' id='word_1_118' title='bbox 725 2020 920 2080; x_wconf 81' lang='lat' dir='ltr'>mutaverant</span> <span class='ocrx_word' id='word_1_119' title='bbox 929 2017 1183 2096; x_wconf 77' lang='lat' dir='ltr'>Schweighuuser</span> 
     </span>
     <span class='ocr_line' id='line_1_18' title="bbox 161 2107 1183 2200; baseline -0.002 -22"><span class='ocrx_word' id='word_1_120' title='bbox 161 2121 192 2179; x_wconf 87' lang='lat' dir='ltr'>et</span> <span class='ocrx_word' id='word_1_121' title='bbox 219 2117 480 2196; x_wconf 86' lang='lat' dir='ltr'>Langheinriohl</span> <span class='ocrx_word' id='word_1_122' title='bbox 507 2139 536 2195; x_wconf 92' lang='lat' dir='ltr'>p.</span> <span class='ocrx_word' id='word_1_123' title='bbox 562 2111 619 2200; x_wconf 78' lang='lat'>27)</span> <span class='ocrx_word' id='word_1_124' title='bbox 652 2114 723 2190; x_wconf 83' lang='grc' dir='ltr'><strong><em>λέξω</em></strong></span> <span class='ocrx_word' id='word_1_125' title='bbox 754 2109 790 2176; x_wconf 70' lang='lat' dir='ltr'>roi</span> <span class='ocrx_word' id='word_1_126' title='bbox 822 2112 889 2195; x_wconf 78' lang='grc' dir='ltr'><strong><em>περὶ</em></strong></span> <span class='ocrx_word' id='word_1_127' title='bbox 921 2118 974 2176; x_wconf 81' lang='grc' dir='ltr'>τοῦ</span> <span class='ocrx_word' id='word_1_128' title='bbox 1001 2107 1183 2194; x_wconf 77' lang='grc' dir='ltr'><strong><em>Ἡγήμονος.</em></strong></span> 
     </span>
     <span class='ocr_line' id='line_1_19' title="bbox 161 2208 1182 2298; baseline -0.003 -23"><span class='ocrx_word' id='word_1_129' title='bbox 161 2208 398 2298; x_wconf 82' lang='lat' dir='ltr'>(Eustathius</span> <span class='ocrx_word' id='word_1_130' title='bbox 428 2217 460 2275; x_wconf 94' lang='lat' dir='ltr'>in</span> <span class='ocrx_word' id='word_1_131' title='bbox 488 2215 574 2276; x_wconf 80' lang='lat' dir='ltr'>Iliad.</span> <span class='ocrx_word' id='word_1_132' title='bbox 600 2214 645 2291; x_wconf 74' lang='grc' dir='ltr'>[Ω</span> <span class='ocrx_word' id='word_1_133' title='bbox 668 2212 746 2290; x_wconf 80' lang='lat'><strong>262]</strong></span> <span class='ocrx_word' id='word_1_134' title='bbox 774 2233 803 2290; x_wconf 91' lang='lat' dir='ltr'>p.</span> <span class='ocrx_word' id='word_1_135' title='bbox 829 2215 929 2291; x_wconf 82' lang='lat'>1349,</span> <span class='ocrx_word' id='word_1_136' title='bbox 955 2215 996 2274; x_wconf 91' lang='grc'>10</span> <span class='ocrx_word' id='word_1_137' title='bbox 1024 2213 1069 2272; x_wconf 93' lang='lat' dir='ltr'>ed.</span> <span class='ocrx_word' id='word_1_138' title='bbox 1093 2213 1182 2273; x_wconf 87' lang='lat' dir='ltr'>Rom.</span> 
     </span>
    </p>
   </div>
   <div class='ocr_carea' id='block_1_8' title="bbox 36 2303 1181 2397">
    <p class='ocr_par' dir='ltr' id='par_1_8' title="bbox 36 2303 1181 2397">
     <span class='ocr_line' id='line_1_20' title="bbox 36 2303 1181 2397; baseline -0.003 -22"><span class='ocrx_word' id='word_1_139' title='bbox 36 2343 41 2346; x_wconf 84' lang='lat'><em>·</em></span> <span class='ocrx_word' id='word_1_140' title='bbox 161 2305 380 2394; x_wconf 68' lang='lat' dir='ltr'>‘oipotoyprrfv&#39;‚</span> <span class='ocrx_word' id='word_1_141' title='bbox 404 2305 441 2376; x_wconf 78' lang='grc' dir='ltr'>ὃν</span> <span class='ocrx_word' id='word_1_142' title='bbox 464 2306 480 2375; x_wconf 84' lang='grc' dir='ltr'><strong><em>δ</em></strong></span> <span class='ocrx_word' id='word_1_143' title='bbox 503 2307 584 2392; x_wconf 80' lang='grc' dir='ltr'><strong><em>παρὰ</em></strong></span> <span class='ocrx_word' id='word_1_144' title='bbox 606 2314 646 2397; x_wconf 77' lang='grc' dir='ltr'>τῷ</span> <span class='ocrx_word' id='word_1_145' title='bbox 665 2305 818 2394; x_wconf 77' lang='grc' dir='ltr'><strong><em>Ἀθηναίῳ</em></strong></span> <span class='ocrx_word' id='word_1_146' title='bbox 842 2309 943 2389; x_wconf 89' lang='grc' dir='ltr'><strong><em>Τίμων</em></strong></span> <span class='ocrx_word' id='word_1_147' title='bbox 966 2303 1181 2390; x_wconf 62' lang='grc' dir='ltr'><strong><em>“λαβοίργορον’</em></strong></span> 
     </span>
    </p>
   </div>
   <div class='ocr_carea' id='block_1_9' title="bbox 160 2402 727 2495">
    <p class='ocr_par' dir='ltr' id='par_1_9' title="bbox 160 2402 727 2495">
     <span class='ocr_line' id='line_1_21' title="bbox 160 2402 727 2495; baseline -0.002 -24"><span class='ocrx_word' id='word_1_148' title='bbox 160 2407 219 2489; x_wconf 70' lang='grc' dir='ltr'>ἔφη</span> <span class='ocrx_word' id='word_1_149' title='bbox 243 2404 283 2484; x_wconf 77' lang='grc' dir='ltr'>ὥς</span> <span class='ocrx_word' id='word_1_150' title='bbox 306 2408 353 2471; x_wconf 79' lang='grc' dir='ltr'>ἐπὶ</span> <span class='ocrx_word' id='word_1_151' title='bbox 376 2413 475 2495; x_wconf 77' lang='grc' dir='ltr'><strong><em>μισθῷ</em></strong></span> <span class='ocrx_word' id='word_1_152' title='bbox 499 2402 727 2492; x_wconf 79' lang='grc' dir='ltr'><strong><em>ὥρολογοῢντα).</em></strong></span> 
     </span>
    </p>
   </div>
   <div class='ocr_carea' id='block_1_10' title="bbox 157 2577 1261 3646">
    <p class='ocr_par' dir='ltr' id='par_1_10' title="bbox 157 2577 1261 3646">
     <span class='ocr_line' id='line_1_22' title="bbox 228 2577 1182 2665; baseline -0.002 -17"><span class='ocrx_word' id='word_1_153' title='bbox 228 2605 324 2648; x_wconf 80' lang='lat' dir='ltr'>nonu.</span> <span class='ocrx_word' id='word_1_154' title='bbox 353 2587 499 2648; x_wconf 85' lang='lat' dir='ltr'>Prodicus</span> <span class='ocrx_word' id='word_1_155' title='bbox 519 2586 597 2647; x_wconf 83' lang='lat' dir='ltr'>Ceus</span> <span class='ocrx_word' id='word_1_156' title='bbox 621 2586 762 2665; x_wconf 88' lang='lat' dir='ltr'>ambigue</span> <span class='ocrx_word' id='word_1_157' title='bbox 786 2587 898 2647; x_wconf 84' lang='lat' dir='ltr'>dieitur</span> <span class='ocrx_word' id='word_1_158' title='bbox 916 2587 981 2664; x_wconf 86' lang='grc' dir='ltr'><strong><em>λαβ.</em></strong></span> <span class='ocrx_word' id='word_1_159' title='bbox 1001 2577 1052 2662; x_wconf 75' lang='lat' dir='ltr'>oia.</span> <span class='ocrx_word' id='word_1_160' title='bbox 1090 2585 1182 2646; x_wconf 89' lang='lat' dir='ltr'>deno·</span> 
     </span>
     <span class='ocr_line' id='line_1_23' title="bbox 159 2683 1181 2762; baseline -0.001 -18"><span class='ocrx_word' id='word_1_161' title='bbox 159 2688 245 2744; x_wconf 86' lang='lat' dir='ltr'>tatur</span> <span class='ocrx_word' id='word_1_162' title='bbox 268 2684 348 2743; x_wconf 89' lang='lat' dir='ltr'>enim</span> <span class='ocrx_word' id='word_1_163' title='bbox 369 2684 501 2762; x_wconf 82' lang='lat' dir='ltr'>primum</span> <span class='ocrx_word' id='word_1_164' title='bbox 523 2685 613 2744; x_wconf 92' lang='lat' dir='ltr'>homo</span> <span class='ocrx_word' id='word_1_165' title='bbox 636 2684 688 2760; x_wconf 90' lang='lat' dir='ltr'>qui</span> <span class='ocrx_word' id='word_1_166' title='bbox 708 2689 811 2744; x_wconf 88' lang='lat' dir='ltr'>exaote</span> <span class='ocrx_word' id='word_1_167' title='bbox 832 2684 870 2744; x_wconf 87' lang='lat' dir='ltr'>ad</span> <span class='ocrx_word' id='word_1_168' title='bbox 891 2683 1085 2761; x_wconf 83' lang='lat' dir='ltr'>horologium</span> <span class='ocrx_word' id='word_1_169' title='bbox 1103 2687 1181 2743; x_wconf 89' lang='lat' dir='ltr'>tem-</span> 
     </span>
     <span class='ocr_line' id='line_1_24' title="bbox 159 2781 1182 2860; baseline 0.002 -20"><span class='ocrx_word' id='word_1_170' title='bbox 159 2800 217 2860; x_wconf 87' lang='lat' dir='ltr'>pus</span> <span class='ocrx_word' id='word_1_171' title='bbox 250 2781 446 2860; x_wconf 72' lang='lat' dir='ltr'>demoliatur,</span> <span class='ocrx_word' id='word_1_172' title='bbox 480 2781 561 2860; x_wconf 88' lang='lat' dir='ltr'>quod</span> <span class='ocrx_word' id='word_1_173' title='bbox 593 2782 780 2843; x_wconf 87' lang='lat' dir='ltr'>sermonibus</span> <span class='ocrx_word' id='word_1_174' title='bbox 811 2783 874 2842; x_wconf 89' lang='lat' dir='ltr'>suis</span> <span class='ocrx_word' id='word_1_175' title='bbox 901 2781 1037 2842; x_wconf 89' lang='lat' dir='ltr'>meroede</span> <span class='ocrx_word' id='word_1_176' title='bbox 1066 2781 1182 2844; x_wconf 83' lang='lat' dir='ltr'>habitis</span> 
     </span>
     <span class='ocr_line' id='line_1_25' title="bbox 158 2877 1182 2959; baseline -0.002 -19"><span class='ocrx_word' id='word_1_177' title='bbox 158 2880 328 2958; x_wconf 85' lang='lat' dir='ltr'>impendat,</span> <span class='ocrx_word' id='word_1_178' title='bbox 358 2899 427 2941; x_wconf 83' lang='lat' dir='ltr'>oum</span> <span class='ocrx_word' id='word_1_179' title='bbox 450 2881 642 2959; x_wconf 80' lang='lat' dir='ltr'>singularum</span> <span class='ocrx_word' id='word_1_180' title='bbox 664 2877 833 2952; x_wconf 75' lang='grc' dir='ltr'><strong><em>ἐπιδείξεων</em></strong></span> <span class='ocrx_word' id='word_1_181' title='bbox 855 2898 910 2958; x_wconf 93' lang='lat' dir='ltr'>pro</span> <span class='ocrx_word' id='word_1_182' title='bbox 934 2897 1040 2940; x_wconf 80' lang='lat' dir='ltr'>aarum</span> <span class='ocrx_word' id='word_1_183' title='bbox 1062 2880 1182 2957; x_wconf 85' lang='lat' dir='ltr'>magni·</span> 
     </span>
     <span class='ocr_line' id='line_1_26' title="bbox 158 2975 1181 3065; baseline -0.002 -27"><span class='ocrx_word' id='word_1_184' title='bbox 158 2977 264 3038; x_wconf 87' lang='lat' dir='ltr'>tudine</span> <span class='ocrx_word' id='word_1_185' title='bbox 284 2982 321 3040; x_wconf 88' lang='lat' dir='ltr'>ut</span> <span class='ocrx_word' id='word_1_186' title='bbox 338 2977 459 3041; x_wconf 86' lang='lat' dir='ltr'>videtur</span> <span class='ocrx_word' id='word_1_187' title='bbox 480 2978 645 3055; x_wconf 88' lang='lat' dir='ltr'>dimidiam,</span> <span class='ocrx_word' id='word_1_188' title='bbox 668 2995 769 3054; x_wconf 87' lang='lat' dir='ltr'>unam,</span> <span class='ocrx_word' id='word_1_189' title='bbox 793 2977 877 3056; x_wconf 86' lang='lat' dir='ltr'>duas,</span> <span class='ocrx_word' id='word_1_190' title='bbox 902 2979 1050 3056; x_wconf 84' lang='lat' dir='ltr'>quattuor</span> <span class='ocrx_word' id='word_1_191' title='bbox 1073 2975 1181 3065; x_wconf 77' lang='lat' dir='ltr'>drach·</span> 
     </span>
     <span class='ocr_line' id='line_1_27' title="bbox 157 3067 1181 3159; baseline -0.001 -23"><span class='ocrx_word' id='word_1_192' title='bbox 157 3095 223 3137; x_wconf 87' lang='lat' dir='ltr'>mae</span> <span class='ocrx_word' id='word_1_193' title='bbox 247 3068 299 3159; x_wconf 86' lang='lat' dir='ltr'>(of.</span> <span class='ocrx_word' id='word_1_194' title='bbox 323 3076 402 3137; x_wconf 89' lang='lat' dir='ltr'>Plat.</span> <span class='ocrx_word' id='word_1_195' title='bbox 421 3075 546 3135; x_wconf 86' lang='lat' dir='ltr'>Axiooh.</span> <span class='ocrx_word' id='word_1_196' title='bbox 567 3078 601 3152; x_wconf 79' lang='lat'>63</span> <span class='ocrx_word' id='word_1_197' title='bbox 625 3073 738 3152; x_wconf 82' lang='lat' dir='ltr'>Oratyl.</span> <span class='ocrx_word' id='word_1_198' title='bbox 757 3096 786 3153; x_wconf 90' lang='lat' dir='ltr'>p.</span> <span class='ocrx_word' id='word_1_199' title='bbox 807 3068 902 3158; x_wconf 69' lang='lat' dir='ltr'>384b)</span> <span class='ocrx_word' id='word_1_200' title='bbox 925 3067 1013 3153; x_wconf 79' lang='grc' dir='ltr'><strong><em>τιμὴν</em></strong></span> <span class='ocrx_word' id='word_1_201' title='bbox 1036 3076 1181 3154; x_wconf 85' lang='lat' dir='ltr'>exegerit,</span> 
     </span>
     <span class='ocr_line' id='line_1_28' title="bbox 157 3165 1181 3252; baseline 0.002 -20"><span class='ocrx_word' id='word_1_202' title='bbox 157 3174 381 3236; x_wconf 83' lang='lat' dir='ltr'>institutionem</span> <span class='ocrx_word' id='word_1_203' title='bbox 418 3173 595 3251; x_wconf 88' lang='lat' dir='ltr'>ampliorem</span> <span class='ocrx_word' id='word_1_204' title='bbox 626 3170 692 3252; x_wconf 80' lang='grc' dir='ltr'><strong><em>τιερλ</em></strong></span> <span class='ocrx_word' id='word_1_205' title='bbox 723 3165 878 3251; x_wconf 77' lang='grc' dir='ltr'><strong><em>ὀνομάτων</em></strong></span> <span class='ocrx_word' id='word_1_206' title='bbox 908 3165 1070 3252; x_wconf 76' lang='grc' dir='ltr'><strong><em>ὀρθότητος</em></strong></span> <span class='ocrx_word' id='word_1_207' title='bbox 1102 3175 1181 3234; x_wconf 87' lang='lat' dir='ltr'>eele-</span> 
     </span>
     <span class='ocr_line' id='line_1_29' title="bbox 158 3261 1261 3351; baseline 0 -21"><span class='ocrx_word' id='word_1_208' title='bbox 158 3270 321 3331; x_wconf 84' lang='lat' dir='ltr'>berrimam</span> <span class='ocrx_word' id='word_1_209' title='bbox 343 3265 657 3351; x_wconf 64' lang='grc' dir='ltr'><strong><em>πεντηκοντάδραχμον</em></strong></span> <span class='ocrx_word' id='word_1_210' title='bbox 681 3287 745 3330; x_wconf 82' lang='lat' dir='ltr'>esse</span> <span class='ocrx_word' id='word_1_211' title='bbox 766 3270 900 3331; x_wconf 87' lang='lat' dir='ltr'>voluerit</span> <span class='ocrx_word' id='word_1_212' title='bbox 918 3261 970 3351; x_wconf 82' lang='lat' dir='ltr'>(of.</span> <span class='ocrx_word' id='word_1_213' title='bbox 989 3269 1083 3330; x_wconf 81' lang='lat' dir='ltr'>Arist.</span> <span class='ocrx_word' id='word_1_214' title='bbox 1102 3271 1180 3332; x_wconf 87' lang='lat' dir='ltr'>rhet.</span> <span class='ocrx_word' id='word_1_215' title='bbox 1260 3327 1261 3330; x_wconf 74' lang='grc'>,</span> 
     </span>
     <span class='ocr_line' id='line_1_30' title="bbox 157 3361 1182 3452; baseline 0.002 -24"><span class='ocrx_word' id='word_1_216' title='bbox 157 3367 206 3428; x_wconf 94' lang='grc' dir='ltr'>ΙΠ</span> <span class='ocrx_word' id='word_1_217' title='bbox 226 3371 267 3428; x_wconf 88' lang='grc'>14</span> <span class='ocrx_word' id='word_1_218' title='bbox 285 3390 314 3447; x_wconf 94' lang='lat' dir='ltr'>p.</span> <span class='ocrx_word' id='word_1_219' title='bbox 337 3361 524 3452; x_wconf 67' lang='lat'>14151215).</span> <span class='ocrx_word' id='word_1_220' title='bbox 566 3368 622 3428; x_wconf 90' lang='lat' dir='ltr'>hao</span> <span class='ocrx_word' id='word_1_221' title='bbox 646 3368 742 3447; x_wconf 88' lang='lat' dir='ltr'>igitur</span> <span class='ocrx_word' id='word_1_222' title='bbox 763 3369 882 3429; x_wconf 87' lang='lat' dir='ltr'>ratione</span> <span class='ocrx_word' id='word_1_223' title='bbox 905 3366 1051 3428; x_wconf 79' lang='lat' dir='ltr'>Prodicus</span> <span class='ocrx_word' id='word_1_224' title='bbox 1075 3368 1182 3430; x_wconf 85' lang='lat' dir='ltr'>existit</span> 
     </span>
     <span class='ocr_line' id='line_1_31' title="bbox 159 3459 1180 3546; baseline 0.001 -21"><span class='ocrx_word' id='word_1_225' title='bbox 159 3466 246 3543; x_wconf 87' lang='lat' dir='ltr'>quasi</span> <span class='ocrx_word' id='word_1_226' title='bbox 274 3459 434 3546; x_wconf 78' lang='grc' dir='ltr'><strong><em>ὡρολόγιον</em></strong></span> <span class='ocrx_word' id='word_1_227' title='bbox 463 3467 628 3545; x_wconf 83' lang='lat' dir='ltr'>quoddam,</span> <span class='ocrx_word' id='word_1_228' title='bbox 658 3467 802 3526; x_wconf 79' lang='lat' dir='ltr'>horarum</span> <span class='ocrx_word' id='word_1_229' title='bbox 828 3466 919 3526; x_wconf 84' lang='lat' dir='ltr'>index</span> <span class='ocrx_word' id='word_1_230' title='bbox 946 3465 1063 3543; x_wconf 87' lang='lat' dir='ltr'>pariter</span> <span class='ocrx_word' id='word_1_231' title='bbox 1085 3469 1180 3544; x_wconf 87' lang='lat' dir='ltr'>atque</span> 
     </span>
     <span class='ocr_line' id='line_1_32' title="bbox 158 3553 1180 3646; baseline 0.001 -23"><span class='ocrx_word' id='word_1_232' title='bbox 158 3556 261 3643; x_wconf 77' lang='grc' dir='ltr'><strong><em>ἐπειδὴ</em></strong></span> <span class='ocrx_word' id='word_1_233' title='bbox 281 3556 356 3640; x_wconf 81' lang='grc' dir='ltr'><strong><em>πρὸς</em></strong></span> <span class='ocrx_word' id='word_1_234' title='bbox 370 3559 549 3644; x_wconf 79' lang='grc' dir='ltr'><strong><em>’κλεψύδραν</em></strong></span> <span class='ocrx_word' id='word_1_235' title='bbox 563 3563 754 3638; x_wconf 75' lang='grc' dir='ltr'><strong><em>συνουσίαζεν</em></strong></span> <span class='ocrx_word' id='word_1_236' title='bbox 769 3555 821 3646; x_wconf 81' lang='lat' dir='ltr'>(of.</span> <span class='ocrx_word' id='word_1_237' title='bbox 831 3563 942 3626; x_wconf 81' lang='lat' dir='ltr'>Athen.</span> <span class='ocrx_word' id='word_1_238' title='bbox 952 3563 1028 3623; x_wconf 87' lang='lat' dir='ltr'>XIII</span> <span class='ocrx_word' id='word_1_239' title='bbox 1041 3583 1071 3641; x_wconf 93' lang='lat' dir='ltr'>p.</span> <span class='ocrx_word' id='word_1_240' title='bbox 1082 3553 1180 3646; x_wconf 70' lang='lat'>567⁶)</span> 
     </span>
    </p>
   </div>
   <div class='ocr_carea' id='block_1_11' title="bbox 0 0 1276 3990">
    <p class='ocr_par' dir='ltr' id='par_1_11' title="bbox 0 0 1276 3990">
     <span class='ocr_line' id='line_1_33' title="bbox 0 0 1276 3990; baseline 0 0"><span class='ocrx_word' id='word_1_241' title='bbox 0 0 1276 3990; x_wconf 95' lang='lat' dir='ltr'> </span> 
     </span>
    </p>
   </div>
  </div>
 </body>
</html>
