2548 4004
548 135 801 228 -184'

153 331 287 390 Timonis
310 334 412 389 tamen
435 328 582 388 iudicium
605 327 698 387 etiem
716 327 748 385 in
766 327 835 386 eliis
855 347 932 404 quae
952 329 991 388 ed
1014 347 1062 388 res
1084 330 1170 389 litte·

151 429 247 487 reries
275 430 447 505 spectarent
475 426 704 504 quaestionibus
733 426 837 504 magni
860 426 1041 488 aestimavit.
1087 431 1171 488 certe

153 544 285 603 quonum
311 528 400 602 puoto
428 525 525 600 possit
552 521 704 600 quispiam
731 521 856 581 Homeri
884 522 1017 581 carmine
1049 524 1173 602 integre

151 623 285 683 nancisci
304 623 460 683 Timonem
483 621 616 692 traditur
623 612 649 699 ¹)
672 620 875 698 interrogasse
895 652 938 660 -
958 620 1039 696 quod
1062 622 1172 682 fecisse

152 721 275 784 videtur
301 741 370 780 cum
398 721 462 797 ipse
491 699 554 780 sive
582 717 749 795 Odyssemn
781 719 843 779 sive
870 719 999 792 Iliadem
1031 719 1172 780 editurus

153 811 266 902 esset²)
280 841 323 861 -·-
343 823 375 880 et
392 819 501 878 tulisse
519 817 710 894 praeclarum
727 833 906 892 responsum
925 813 951 874 el
962 818 1023 886 τοῖς
1037 808 1172 894 ἄρχαίοις

132 911 347 1002 Ιοἰντνγροὶῳοις
370 910 543 996 ἐντυγχάνοι
560 910 611 974 οιαὶ
630 907 669 991 μὴ
689 917 750 985 τοῖς
767 908 827 998 ἤδη
847 908 1084 990 διωρθωμένοις,
1108 933 1170 991 quo

152 1019 258 1076 utrum
289 1014 379 1075 Arcti
411 1014 507 1091 ipsius
542 1033 581 1073 en
615 1010 761 1071 Zenodoti
795 1010 962 1071 aliorumve
995 1004 1173 1090 διορθώσεις

129 1113 365 1192 ,perstrinxerit
388 1113 496 1172 Timon
519 1109 654 1171 dubitari
677 1127 747 1168 rene
766 1100 914 1190 potest⁸).

220 1210 292 1269 Alia
313 1211 393 1270 ratio
416 1208 578 1269 intercedit
599 1209 680 1266 inter
698 1206 854 1266 Timonem
873 1210 904 1266 et
921 1206 1172 1296 Alextendrum

153 1309 299 1369 Aetolum
317 1307 583 1383 Homerumque
602 1305 707 1382 Myrus
726 1304 837 1381 filium,
856 1305 972 1364 nobiles
991 1304 1172 1386 Alexandri-

107 1429 112 1438 ·
154 1424 211 1464 nee
224 1404 360 1482 pleiades
375 1405 515 1482 tragicos.
545 1402 657 1463 etenim
670 1402 887 1480 Diog.lX113
903 1402 989 1462 dicit:
1010 1395 1172 1481 φιλογράμ-

155 1496 244 1580 ματός
266 1521 295 1561 τε
319 1491 374 1582 (sc.
396 1488 436 1578 ἦν
462 1492 576 1582 Τίμων)
600 1495 651 1558 {rod
672 1503 734 1570 τοῖς
756 1504 892 1588 τιοιηταῖς
915 1493 1034 1578 μύθους
1056 1491 1194 1580 γράψαι·

155 1591 258 1670 ἱκανὸς
286 1595 337 1657 καὶ
361 1591 495 1676 δράματα
518 1593 749 1658 συνδιατιθέναι.
795 1595 947 1674 μετεδίδου
971 1591 1003 1656 δὲ
1025 1598 1085 1655 τῶν
1106 1616 1174 1673 τρα-

155 1696 274 1779 γῳδιῶν
289 1686 471 1776 Ἀλεξάνδρῳ
495 1691 545 1754 καὶ
564 1686 689 1775 Ὁμήρῳ.
727 1711 804 1770 quoe
827 1693 920 1754 verba
938 1689 1004 1754 non'
1016 1694 1107 1770 plene
1125 1693 1173 1751 in-
1216 1751 1222 1760 ,

155 1795 268 1872 tellego
293 1792 443 1870 quomodo
459 1792 685 1876 interpretatus
709 1791 750 1851 sit
772 1791 954 1869 MeinekiuS,
984 1793 1063 1852 coel.
1087 1790 1174 1853 Alce.

154 1913 183 1968 p.
202 1894 279 1951 217:
299 1884 393 1967 ‘quod
411 1889 499 1966 Diog.
514 1889 547 1948 L.
562 1889 605 1960 IX
622 1891 684 1947 113
705 1888 741 1947 de
762 1889 886 1948 Timone
904 1889 1039 1949 Phliasio
1058 1891 1174 1967 narret,

91 2041 95 2048 .
155 1989 187 2048 id
207 2006 352 2065 quorsum
372 1989 489 2063 spectet
511 1989 548 2046 ut
565 2005 645 2044 nunc
664 2005 712 2046 res
737 1990 783 2046 est
806 1987 966 2046 diiudicari
988 1988 1040 2048 vix
1062 1981 1174 2064 potest.

156 2194 302 2262 tamquam
320 2195 398 2248 certe
416 2192 486 2246 hoec
504 2190 610 2262 posuit:
637 2189 704 2246 ‘Der
722 2191 786 2261 (mit
804 2191 853 2246 der
871 2190 1071 2264 Anwesenheit
1088 2192 1174 2246 Arate

156 2275 187 2328 in
200 2272 279 2328 Pelle
292 2273 339 2327 bei
353 2272 402 2326 der
412 2271 550 2326 Hochzeit
564 2271 613 2327 des
626 2270 784 2340 Antigones
797 2271 856 2326 und
869 2273 919 2325 der
932 2270 1025 2342 Phile)
1040 2271 1174 2342 gleich-

157 2353 283 2422 zeitige
298 2350 467 2406 Aufenthelt
481 2352 530 2406 dee
541 2350 669 2406 Aetolers
683 2351 866 2417 Alexandros,
882 2351 931 2405 des
944 2349 1103 2422 Antcgores
1117 2366 1175 2406 von

156 2432 284 2498 Rhodos,
313 2431 371 2486 des
395 2429 515 2485 Timon
539 2447 604 2484 von
626 2429 746 2485 Phlius
770 2448 816 2486 em
839 2431 1078 2502 Makedonischen
1099 2429 1174 2486 Hofe

155 2512 270 2568 verr'dth
292 2527 357 2578 uns,
385 2512 451 2564 dese
475 2511 525 2563 des
548 2509 710 2579 konigliche
732 2511 862 2582 Beileger
890 2510 936 2565 die
965 2511 1175 2567 dichterisohen

156 2591 255 2646 Krtfte
275 2589 495 2644 Griechenlunds
514 2606 548 2642 zu
567 2590 706 2658 agonolen
725 2591 930 2646 Productionen
949 2592 1112 2661 heronuog!
1134 2639 1138 2645 .

230 2671 255 2740 1)
276 2670 316 2724 Ol.
334 2668 365 2724 L.
385 2670 417 2722 D.
440 2675 490 2724 113
510 2671 554 2736 (ex
574 2669 736 2740 Antigono).

228 2752 255 2819 8)
276 2747 416 2819 Odysseae
436 2747 591 2818 διόρθωσιν
615 2753 837 2806 commemorent
859 2751 919 2805 rite
936 2749 1017 2804 Arcti
1035 2751 1075 2804 ΙΠ
1093 2768 1118 2805 τ.
1139 2757 1174 2806 22

157 2849 185 2901 p.
205 2835 239 2884 58
267 2829 339 2896 (vite.
355 2827 436 2882 Arati
455 2828 547 2884 letina
564 2832 630 2899 poet
647 2829 729 2884 Aruti
747 2831 814 2886 edit.
833 2832 933 2887 Venet.
954 2836 1023 2886 1488
1043 2847 1060 2885 a
1078 2829 1175 2886 Suriu-

158 2926 234 2980 gere,
252 2910 285 2965 dc
298 2910 431 2979 mptdoyr.
448 2914 593 2963 astronom.
608 2915 667 2979 p.,9
682 2910 759 2966 edito
772 2929 798 2966 v.
815 2914 858 2982 10)
878 2912 908 2966 et
921 2909 998 2966 Suid.
1013 2929 1038 2967 v.
1048 2905 1175 2979 Ἀραιοςς

158 2990 286 3045 lliedem·
300 2992 333 3044 ut
355 2988 453 3043 ederet
475 2987 511 3040 ab
528 2987 669 3044 Antiocho
690 2989 786 3060 Syriae
809 3007 875 3061 rege
898 2989 1033 3045 incitatus
1057 2991 1101 3044 est
1124 2988 1174 3045 διὰ

157 3065 189 3124 τὸ
218 3065 274 3123 ὑπὸ
300 3069 414 3123 ’πολλῶν
441 3064 622 3137 λελυμάνθαι
638 3070 693 3139 -(cf.
718 3071 777 3124 vitu
799 3070 881 3125 Arati
899 3070 911 3124 I
929 3088 955 3124 v.
976 3075 1010 3125 68
1029 3088 1055 3139 p.
1076 3073 1111 3124 54
1130 3069 1174 3126 ed.

159 3147 316 3215 Werterm.¹
336 3148 403 3202 ibid.
423 3166 449 3205 v.
469 3155 503 3204 84
522 3166 549 3218 p.
570 3155 612 3218 55,
631 3150 691 3205 vitu
708 3148 790 3202 Arati
808 3149 899 3205 lutino
917 3168 942 3204 v.
960 3150 1012 3217 13).

230 3229 257 3296 3)
276 3227 369 3282 Arati.
380 3228 470 3297 ipsius
493 3228 587 3283 studio
604 3228 755 3284 Homerica
773 3248 790 3284 u
809 3229 924 3286 Timone
949 3231 1090 3300 castigem
1112 3245 1177 3284 esse

159 3305 279 3361 coniecit
297 3307 453 3376 Woweren‚
468 3309 618 3378 polymath.
640 3324 663 3364 c.
682 3313 728 3374 183
748 3325 810 3363 cum
829 3308 959 3364 Fabricio
978 3309 1047 3365 bibl.
1062 3310 1108 3365 (ir.
1124 3307 1175 3364 lib.

158 3386 185 3440 ΙΙ
200 3401 222 3440 ο.
238 3392 262 3454 2,
279 3391 320 3454 19,
336 3387 390 3440 vol.
406 3388 419 3441 l
434 3406 460 3456 p.
476 3387 677 3442 275³W01fius
696 3389 802 3458 proleg.
816 3406 843 3458 p.
856 3395 907 3445 187
927 3388 976 3445 olii
996 3389 1179 3446 crediderunt

159 3483 222 3521 eum
242 3465 378 3520 Zenodoti
397 3467 490 3536 potius
510 3468 631 3523 eudeces
650 3467 822 3523 mutationes
844 3468 1026 3538 vituperasse.
1063 3484 1176 3540 perver-

160 3564 220 3600 sum
240 3549 285 3602 est
303 3546 503 3616 Sergebuschii
521 3546 657 3602 iudicium
677 3549 759 3604 Hom.
780 3551 843 3604 dise.
860 3567 905 3618 pr.
925 3567 950 3618 p.
970 3555 1031 3605 203.
