<?xml version="1.0" encoding="UTF-8"?>
<!DOCTYPE html PUBLIC "-//W3C//DTD XHTML 1.0 Transitional//EN"
    "http://www.w3.org/TR/xhtml1/DTD/xhtml1-transitional.dtd">
<html xmlns="http://www.w3.org/1999/xhtml" xml:lang="en" lang="en">
 <head>
  <title>
</title>
<meta http-equiv="Content-Type" content="text/html;charset=utf-8" />
  <meta name='ocr-system' content='tesseract 3.04.00' />
  <meta name='ocr-capabilities' content='ocr_page ocr_carea ocr_par ocr_line ocrx_word'/>
</head>
<body>
  <div class='ocr_page' id='page_1' title='image "./sillographorumg00wachgoog_0050.png"; bbox 0 0 2548 4004; ppageno 0'>
   <div class='ocr_carea' id='block_1_1' title="bbox 456 218 677 282">
    <p class='ocr_par' dir='ltr' id='par_1_1' title="bbox 456 218 677 282">
     <span class='ocr_line' id='line_1_1' title="bbox 456 218 677 282; baseline -0.009 -18"><span class='ocrx_word' id='word_1_1' title='bbox 456 218 677 282; x_wconf 61' lang='grc'>...41-</span> 
     </span>
    </p>
   </div>
   <div class='ocr_carea' id='block_1_2' title="bbox 65 381 1072 1634">
    <p class='ocr_par' dir='ltr' id='par_1_2' title="bbox 65 381 1072 1634">
     <span class='ocr_line' id='line_1_2' title="bbox 70 381 1072 460; baseline 0.004 -20"><span class='ocrx_word' id='word_1_2' title='bbox 70 400 125 458; x_wconf 88' lang='lat' dir='ltr'>qua</span> <span class='ocrx_word' id='word_1_3' title='bbox 142 381 176 442; x_wconf 88' lang='lat' dir='ltr'>de</span> <span class='ocrx_word' id='word_1_4' title='bbox 193 401 226 442; x_wconf 88' lang='lat' dir='ltr'>re</span> <span class='ocrx_word' id='word_1_5' title='bbox 244 385 409 460; x_wconf 85' lang='lat' dir='ltr'>postquam</span> <span class='ocrx_word' id='word_1_6' title='bbox 427 382 535 441; x_wconf 85' lang='lat' dir='ltr'>effudit</span> <span class='ocrx_word' id='word_1_7' title='bbox 553 383 706 459; x_wconf 86' lang='lat' dir='ltr'>querelas,</span> <span class='ocrx_word' id='word_1_8' title='bbox 728 382 839 459; x_wconf 90' lang='lat' dir='ltr'>quibus</span> <span class='ocrx_word' id='word_1_9' title='bbox 857 387 946 444; x_wconf 86' lang='lat' dir='ltr'>cavet</span> <span class='ocrx_word' id='word_1_10' title='bbox 963 383 1072 443; x_wconf 77' lang='lat' dir='ltr'>‘limen</span> 
     </span>
     <span class='ocr_line' id='line_1_3' title="bbox 67 479 1072 558; baseline 0.003 -21"><span class='ocrx_word' id='word_1_11' title='bbox 67 498 100 538; x_wconf 90' lang='lat' dir='ltr'>ns</span> <span class='ocrx_word' id='word_1_12' title='bbox 126 480 191 557; x_wconf 88' lang='lat' dir='ltr'>quis</span> <span class='ocrx_word' id='word_1_13' title='bbox 216 483 308 558; x_wconf 89' lang='lat' dir='ltr'>putet</span> <span class='ocrx_word' id='word_1_14' title='bbox 334 479 564 556; x_wconf 70' lang='lat' dir='ltr'>Xenophanem,</span> <span class='ocrx_word' id='word_1_15' title='bbox 595 480 650 556; x_wconf 92' lang='lat' dir='ltr'>qui</span> <span class='ocrx_word' id='word_1_16' title='bbox 676 479 714 538; x_wconf 88' lang='lat' dir='ltr'>ab</span> <span class='ocrx_word' id='word_1_17' title='bbox 741 479 808 556; x_wconf 90' lang='lat' dir='ltr'>ipso</span> <span class='ocrx_word' id='word_1_18' title='bbox 835 482 941 541; x_wconf 86' lang='lat' dir='ltr'>statim</span> <span class='ocrx_word' id='word_1_19' title='bbox 968 500 1072 542; x_wconf 87' lang='lat' dir='ltr'>omues</span> 
     </span>
     <span class='ocr_line' id='line_1_4' title="bbox 67 576 1071 657; baseline 0.002 -21"><span class='ocrx_word' id='word_1_20' title='bbox 67 583 177 652; x_wconf 80' lang='lat' dir='ltr'>praetor</span> <span class='ocrx_word' id='word_1_21' title='bbox 202 577 390 655; x_wconf 80' lang='lat' dir='ltr'><strong>Pyrrhonem</strong></span> <span class='ocrx_word' id='word_1_22' title='bbox 415 576 611 654; x_wconf 86' lang='lat' dir='ltr'>philosophos</span> <span class='ocrx_word' id='word_1_23' title='bbox 638 576 859 652; x_wconf 85' lang='lat' dir='ltr'>reprehendens</span> <span class='ocrx_word' id='word_1_24' title='bbox 887 578 1071 657; x_wconf 79' lang='lat' dir='ltr'>depingitur,</span> 
     </span>
     <span class='ocr_line' id='line_1_5' title="bbox 67 672 1070 752; baseline 0 -17"><span class='ocrx_word' id='word_1_25' title='bbox 67 672 205 750; x_wconf 84' lang='lat' dir='ltr'>Pyrrhoni</span> <span class='ocrx_word' id='word_1_26' title='bbox 226 691 447 752; x_wconf 68' lang='lat' dir='ltr'>usquequaque</span> <span class='ocrx_word' id='word_1_27' title='bbox 469 692 575 750; x_wconf 88' lang='lat' dir='ltr'>parem</span> <span class='ocrx_word' id='word_1_28' title='bbox 597 692 675 751; x_wconf 87' lang='lat' dir='ltr'>esse,</span> <span class='ocrx_word' id='word_1_29' title='bbox 698 674 760 734; x_wconf 90' lang='lat' dir='ltr'>iam</span> <span class='ocrx_word' id='word_1_30' title='bbox 780 675 889 734; x_wconf 81' lang='lat' dir='ltr'>&#39;limen</span> <span class='ocrx_word' id='word_1_31' title='bbox 911 695 982 734; x_wconf 87' lang='lat' dir='ltr'>eum</span> <span class='ocrx_word' id='word_1_32' title='bbox 1002 680 1070 735; x_wconf 89' lang='lat' dir='ltr'>tan·</span> 
     </span>
     <span class='ocr_line' id='line_1_6' title="bbox 67 763 1070 852; baseline 0 -21"><span class='ocrx_word' id='word_1_33' title='bbox 67 791 149 848; x_wconf 87' lang='lat' dir='ltr'>quam</span> <span class='ocrx_word' id='word_1_34' title='bbox 171 771 319 832; x_wconf 64' lang='lat' dir='ltr'>tiresiam</span> <span class='ocrx_word' id='word_1_35' title='bbox 346 763 512 852; x_wconf 85' lang='lat' dir='ltr'>alternm¹)</span> <span class='ocrx_word' id='word_1_36' title='bbox 541 771 578 831; x_wconf 87' lang='lat' dir='ltr'>de</span> <span class='ocrx_word' id='word_1_37' title='bbox 606 770 735 849; x_wconf 89' lang='lat' dir='ltr'>singulis</span> <span class='ocrx_word' id='word_1_38' title='bbox 761 771 950 850; x_wconf 85' lang='lat' dir='ltr'>philosophis</span> <span class='ocrx_word' id='word_1_39' title='bbox 976 772 1070 832; x_wconf 86' lang='lat' dir='ltr'>inter·</span> 
     </span>
     <span class='ocr_line' id='line_1_7' title="bbox 66 867 1069 947; baseline 0.002 -20"><span class='ocrx_word' id='word_1_40' title='bbox 66 875 145 946; x_wconf 88' lang='lat' dir='ltr'>rogat</span> <span class='ocrx_word' id='word_1_41' title='bbox 170 869 432 947; x_wconf 83' lang='lat' dir='ltr'>Xenophanssque</span> <span class='ocrx_word' id='word_1_42' title='bbox 462 867 627 945; x_wconf 77' lang='lat' dir='ltr'>respondet</span> <span class='ocrx_word' id='word_1_43' title='bbox 657 887 761 929; x_wconf 88' lang='lat' dir='ltr'>omnes</span> <span class='ocrx_word' id='word_1_44' title='bbox 791 870 940 930; x_wconf 70' lang='lat' dir='ltr'>aculeatis</span> <span class='ocrx_word' id='word_1_45' title='bbox 968 869 1069 929; x_wconf 78' lang='lat' dir='ltr'>verbis</span> 
     </span>
     <span class='ocr_line' id='line_1_8' title="bbox 65 966 1068 1046; baseline 0 -21"><span class='ocrx_word' id='word_1_46' title='bbox 65 966 299 1046; x_wconf 85' lang='lat' dir='ltr'>perstringendo,</span> <span class='ocrx_word' id='word_1_47' title='bbox 325 985 386 1045; x_wconf 90' lang='lat' dir='ltr'>quo</span> <span class='ocrx_word' id='word_1_48' title='bbox 412 985 538 1026; x_wconf 87' lang='lat' dir='ltr'>munere</span> <span class='ocrx_word' id='word_1_49' title='bbox 560 969 598 1026; x_wconf 91' lang='lat' dir='ltr'>ut</span> <span class='ocrx_word' id='word_1_50' title='bbox 618 967 823 1044; x_wconf 82' lang='lat' dir='ltr'>perfungatur</span> <span class='ocrx_word' id='word_1_51' title='bbox 844 967 950 1026; x_wconf 89' lang='lat' dir='ltr'>multis</span> <span class='ocrx_word' id='word_1_52' title='bbox 972 967 1068 1026; x_wconf 88' lang='lat' dir='ltr'>nomi-</span> 
     </span>
     <span class='ocr_line' id='line_1_9' title="bbox 65 1063 1069 1142; baseline 0.002 -20"><span class='ocrx_word' id='word_1_53' title='bbox 65 1063 143 1126; x_wconf 87' lang='lat' dir='ltr'>nibus</span> <span class='ocrx_word' id='word_1_54' title='bbox 164 1063 346 1142; x_wconf 85' lang='lat' dir='ltr'>peridoneus</span> <span class='ocrx_word' id='word_1_55' title='bbox 364 1064 485 1124; x_wconf 78' lang='lat' dir='ltr'>‘linoni</span> <span class='ocrx_word' id='word_1_56' title='bbox 506 1064 591 1125; x_wconf 83' lang='lat' dir='ltr'>visus</span> <span class='ocrx_word' id='word_1_57' title='bbox 610 1068 665 1124; x_wconf 86' lang='lat' dir='ltr'>est.</span> <span class='ocrx_word' id='word_1_58' title='bbox 701 1083 763 1124; x_wconf 90' lang='lat' dir='ltr'>non</span> <span class='ocrx_word' id='word_1_59' title='bbox 786 1065 885 1124; x_wconf 88' lang='lat' dir='ltr'>solum</span> <span class='ocrx_word' id='word_1_60' title='bbox 908 1064 990 1124; x_wconf 90' lang='lat' dir='ltr'>enim</span> <span class='ocrx_word' id='word_1_61' title='bbox 1007 1065 1069 1124; x_wconf 85' lang='lat' dir='ltr'>fuit</span> 
     </span>
     <span class='ocr_line' id='line_1_10' title="bbox 65 1160 1069 1240; baseline 0.003 -21"><span class='ocrx_word' id='word_1_62' title='bbox 65 1160 108 1221; x_wconf 87' lang='lat' dir='ltr'>illo</span> <span class='ocrx_word' id='word_1_63' title='bbox 121 1180 197 1222; x_wconf 87' lang='lat' dir='ltr'>unus</span> <span class='ocrx_word' id='word_1_64' title='bbox 216 1180 254 1222; x_wconf 87' lang='lat' dir='ltr'>ax</span> <span class='ocrx_word' id='word_1_65' title='bbox 272 1161 492 1240; x_wconf 76' lang='lat' dir='ltr'>antiquissimis</span> <span class='ocrx_word' id='word_1_66' title='bbox 508 1161 708 1240; x_wconf 86' lang='lat' dir='ltr'>philosophis,</span> <span class='ocrx_word' id='word_1_67' title='bbox 725 1163 780 1239; x_wconf 87' lang='lat' dir='ltr'>qui</span> <span class='ocrx_word' id='word_1_68' title='bbox 800 1162 913 1238; x_wconf 89' lang='lat' dir='ltr'>optima</span> <span class='ocrx_word' id='word_1_69' title='bbox 932 1163 1069 1239; x_wconf 83' lang='lat' dir='ltr'>potnerit</span> 
     </span>
     <span class='ocr_line' id='line_1_11' title="bbox 66 1259 1068 1337; baseline 0.003 -21"><span class='ocrx_word' id='word_1_70' title='bbox 66 1260 190 1337; x_wconf 87' lang='lat' dir='ltr'>cognitos</span> <span class='ocrx_word' id='word_1_71' title='bbox 217 1259 330 1319; x_wconf 76' lang='lat' dir='ltr'>habers</span> <span class='ocrx_word' id='word_1_72' title='bbox 352 1260 487 1320; x_wconf 91' lang='lat' dir='ltr'>omnium</span> <span class='ocrx_word' id='word_1_73' title='bbox 513 1259 763 1337; x_wconf 88' lang='lat' dir='ltr'>philosophorum</span> <span class='ocrx_word' id='word_1_74' title='bbox 789 1279 888 1320; x_wconf 86' lang='lat' dir='ltr'>moras</span> <span class='ocrx_word' id='word_1_75' title='bbox 916 1260 1068 1320; x_wconf 70' lang='lat' dir='ltr'>doctrines</span> 
     </span>
     <span class='ocr_line' id='line_1_12' title="bbox 65 1355 1067 1435; baseline 0.001 -19"><span class='ocrx_word' id='word_1_76' title='bbox 65 1357 133 1417; x_wconf 75' lang='lat' dir='ltr'>ritas</span> <span class='ocrx_word' id='word_1_77' title='bbox 156 1377 192 1417; x_wconf 84' lang='lat' dir='ltr'>ex</span> <span class='ocrx_word' id='word_1_78' title='bbox 214 1357 362 1418; x_wconf 87' lang='lat' dir='ltr'>diuturna</span> <span class='ocrx_word' id='word_1_79' title='bbox 383 1358 515 1418; x_wconf 83' lang='lat' dir='ltr'>cum-eis</span> <span class='ocrx_word' id='word_1_80' title='bbox 537 1357 570 1414; x_wconf 92' lang='lat' dir='ltr'>in</span> <span class='ocrx_word' id='word_1_81' title='bbox 589 1355 666 1417; x_wconf 81' lang='lat' dir='ltr'>Orco</span> <span class='ocrx_word' id='word_1_82' title='bbox 684 1358 912 1435; x_wconf 87' lang='lat' dir='ltr'>consuetudine,</span> <span class='ocrx_word' id='word_1_83' title='bbox 934 1359 988 1418; x_wconf 89' lang='lat' dir='ltr'>sed</span> <span class='ocrx_word' id='word_1_84' title='bbox 1005 1357 1067 1417; x_wconf 88' lang='lat' dir='ltr'>iam</span> 
     </span>
     <span class='ocr_line' id='line_1_13' title="bbox 67 1450 1067 1533; baseline 0.001 -20"><span class='ocrx_word' id='word_1_85' title='bbox 67 1453 127 1513; x_wconf 91' lang='lat' dir='ltr'>dum</span> <span class='ocrx_word' id='word_1_86' title='bbox 147 1455 336 1516; x_wconf 71' lang='lat' dir='ltr'>interrivos</span> <span class='ocrx_word' id='word_1_87' title='bbox 359 1458 407 1515; x_wconf 86' lang='lat' dir='ltr'>cst</span> <span class='ocrx_word' id='word_1_88' title='bbox 429 1450 613 1530; x_wconf 80' lang='lat' dir='ltr'>‘increpavit</span> <span class='ocrx_word' id='word_1_89' title='bbox 638 1472 744 1513; x_wconf 84' lang='lat' dir='ltr'>sonum</span> <span class='ocrx_word' id='word_1_90' title='bbox 766 1455 984 1533; x_wconf 83' lang='lat' dir='ltr'>arrogantiam,</span> <span class='ocrx_word' id='word_1_91' title='bbox 1013 1454 1067 1532; x_wconf 93' lang='lat' dir='ltr'>qui</span> 
     </span>
     <span class='ocr_line' id='line_1_14' title="bbox 65 1544 1065 1634; baseline 0.001 -24"><span class='ocrx_word' id='word_1_92' title='bbox 65 1567 123 1610; x_wconf 81' lang='lat' dir='ltr'>oum</span> <span class='ocrx_word' id='word_1_93' title='bbox 139 1551 209 1611; x_wconf 88' lang='lat' dir='ltr'>sciri</span> <span class='ocrx_word' id='word_1_94' title='bbox 226 1551 304 1610; x_wconf 86' lang='lat' dir='ltr'>nihil</span> <span class='ocrx_word' id='word_1_95' title='bbox 320 1549 424 1628; x_wconf 85' lang='lat' dir='ltr'>p&#39;osset</span> <span class='ocrx_word' id='word_1_96' title='bbox 446 1552 594 1612; x_wconf 88' lang='lat' dir='ltr'>auderent</span> <span class='ocrx_word' id='word_1_97' title='bbox 617 1569 649 1610; x_wconf 86' lang='lat' dir='ltr'>ss</span> <span class='ocrx_word' id='word_1_98' title='bbox 672 1551 748 1612; x_wconf 85' lang='lat' dir='ltr'>scire</span> <span class='ocrx_word' id='word_1_99' title='bbox 771 1544 931 1634; x_wconf 82' lang='lat' dir='ltr'>dicera’¹),</span> <span class='ocrx_word' id='word_1_100' title='bbox 951 1556 982 1612; x_wconf 86' lang='lat' dir='ltr'>et</span> <span class='ocrx_word' id='word_1_101' title='bbox 999 1553 1065 1629; x_wconf 86' lang='lat' dir='ltr'>ipse</span> 
     </span>
    </p>
   </div>
   <div class='ocr_carea' id='block_1_3' title="bbox 65 1639 1065 2022">
    <p class='ocr_par' dir='ltr' id='par_1_3' title="bbox 65 1639 1044 1728">
     <span class='ocr_line' id='line_1_15' title="bbox 65 1639 1044 1728; baseline 0.002 -22"><span class='ocrx_word' id='word_1_102' title='bbox 65 1639 248 1728; x_wconf 71' lang='lat' dir='ltr'>cdloypripop</span> <span class='ocrx_word' id='word_1_103' title='bbox 269 1648 494 1726; x_wconf 84' lang='lat' dir='ltr'>praecipueque</span> <span class='ocrx_word' id='word_1_104' title='bbox 511 1641 719 1727; x_wconf 69' lang='lat' dir='ltr'>‘Opqporroirqq</span> <span class='ocrx_word' id='word_1_105' title='bbox 744 1641 909 1726; x_wconf 75' lang='grc' dir='ltr'><strong><em>ἐπικόπτης.</em></strong></span> <span class='ocrx_word' id='word_1_106' title='bbox 1038 1695 1044 1708; x_wconf 90' lang='grc'><strong>.</strong></span> 
     </span>
    </p>

    <p class='ocr_par' dir='ltr' id='par_1_4' title="bbox 67 1745 1065 2022">
     <span class='ocr_line' id='line_1_16' title="bbox 120 1745 1065 1824; baseline 0.002 -20"><span class='ocrx_word' id='word_1_107' title='bbox 120 1745 218 1806; x_wconf 86' lang='lat' dir='ltr'>Huius</span> <span class='ocrx_word' id='word_1_108' title='bbox 241 1745 339 1824; x_wconf 86' lang='lat' dir='ltr'>igitur</span> <span class='ocrx_word' id='word_1_109' title='bbox 360 1745 506 1824; x_wconf 90' lang='lat' dir='ltr'>colloquii</span> <span class='ocrx_word' id='word_1_110' title='bbox 527 1749 600 1806; x_wconf 89' lang='lat' dir='ltr'>sunt</span> <span class='ocrx_word' id='word_1_111' title='bbox 621 1763 740 1822; x_wconf 86' lang='lat' dir='ltr'>versus,</span> <span class='ocrx_word' id='word_1_112' title='bbox 767 1745 878 1822; x_wconf 90' lang='lat' dir='ltr'>quibus</span> <span class='ocrx_word' id='word_1_113' title='bbox 901 1746 1005 1824; x_wconf 91' lang='lat' dir='ltr'>agitur</span> <span class='ocrx_word' id='word_1_114' title='bbox 1028 1747 1065 1806; x_wconf 89' lang='lat' dir='ltr'>de</span> 
     </span>
     <span class='ocr_line' id='line_1_17' title="bbox 67 1834 1064 1924; baseline 0.005 -26"><span class='ocrx_word' id='word_1_115' title='bbox 67 1835 260 1924; x_wconf 78' lang='lat' dir='ltr'>Homolito(?)</span> <span class='ocrx_word' id='word_1_116' title='bbox 284 1834 501 1923; x_wconf 65' lang='lat' dir='ltr'>(mmm</span> <span class='ocrx_word' id='word_1_117' title='bbox 520 1842 601 1920; x_wconf 93' lang='lat' dir='ltr'>quod</span> <span class='ocrx_word' id='word_1_118' title='bbox 614 1843 746 1903; x_wconf 87' lang='lat' dir='ltr'>secundo</span> <span class='ocrx_word' id='word_1_119' title='bbox 764 1842 841 1902; x_wconf 90' lang='lat' dir='ltr'>libro</span> <span class='ocrx_word' id='word_1_120' title='bbox 861 1837 1064 1924; x_wconf 75' lang='lat' dir='ltr'>adsignetur),</span> 
     </span>
     <span class='ocr_line' id='line_1_18' title="bbox 68 1932 1064 2022; baseline 0.003 -25"><span class='ocrx_word' id='word_1_121' title='bbox 68 1938 96 1998; x_wconf 88' lang='lat' dir='ltr'>de</span> <span class='ocrx_word' id='word_1_122' title='bbox 109 1941 287 2020; x_wconf 78' lang='lat' dir='ltr'>Anaxagora</span> <span class='ocrx_word' id='word_1_123' title='bbox 300 1932 351 2021; x_wconf 75' lang='lat' dir='ltr'>(ir.</span> <span class='ocrx_word' id='word_1_124' title='bbox 361 1932 558 2021; x_wconf 83' lang='lat' dir='ltr'>XXXXVH),</span> <span class='ocrx_word' id='word_1_125' title='bbox 575 1939 612 2000; x_wconf 88' lang='lat' dir='ltr'>de</span> <span class='ocrx_word' id='word_1_126' title='bbox 626 1939 794 2018; x_wconf 81' lang='lat' dir='ltr'>Protagora</span> <span class='ocrx_word' id='word_1_127' title='bbox 809 1932 860 2022; x_wconf 82' lang='lat' dir='ltr'>(fr.</span> <span class='ocrx_word' id='word_1_128' title='bbox 869 1939 1064 2018; x_wconf 82' lang='lat' dir='ltr'>XXXXVIII,</span> 
     </span>
    </p>
   </div>
   <div class='ocr_carea' id='block_1_4' title="bbox 65 2167 1064 3674">
    <p class='ocr_par' dir='ltr' id='par_1_5' title="bbox 65 2167 1064 3594">
     <span class='ocr_line' id='line_1_19' title="bbox 125 2167 1063 2240; baseline 0.002 -16"><span class='ocrx_word' id='word_1_129' title='bbox 125 2173 150 2238; x_wconf 93' lang='lat'>1)</span> <span class='ocrx_word' id='word_1_130' title='bbox 177 2167 292 2240; x_wconf 81' lang='lat' dir='ltr'>Optime</span> <span class='ocrx_word' id='word_1_131' title='bbox 317 2187 381 2224; x_wconf 88' lang='lat' dir='ltr'>cum</span> <span class='ocrx_word' id='word_1_132' title='bbox 403 2169 512 2226; x_wconf 87' lang='lat' dir='ltr'>Tiresia</span> <span class='ocrx_word' id='word_1_133' title='bbox 534 2169 736 2240; x_wconf 85' lang='lat' dir='ltr'>Xenophanem</span> <span class='ocrx_word' id='word_1_134' title='bbox 759 2171 880 2226; x_wconf 88' lang='lat' dir='ltr'>contulit</span> <span class='ocrx_word' id='word_1_135' title='bbox 903 2170 969 2226; x_wconf 85' lang='lat' dir='ltr'>Otto</span> <span class='ocrx_word' id='word_1_136' title='bbox 993 2169 1063 2226; x_wconf 89' lang='lat' dir='ltr'>Iahu</span> 
     </span>
     <span class='ocr_line' id='line_1_20' title="bbox 66 2245 1063 2320; baseline 0.003 -18"><span class='ocrx_word' id='word_1_137' title='bbox 66 2245 144 2305; x_wconf 81' lang='lat' dir='ltr'>Herm.</span> <span class='ocrx_word' id='word_1_138' title='bbox 157 2251 213 2308; x_wconf 85' lang='lat' dir='ltr'>vol.</span> <span class='ocrx_word' id='word_1_139' title='bbox 227 2250 254 2304; x_wconf 92' lang='lat'>11</span> <span class='ocrx_word' id='word_1_140' title='bbox 267 2267 296 2320; x_wconf 89' lang='lat' dir='ltr'>p.</span> <span class='ocrx_word' id='word_1_141' title='bbox 310 2255 373 2315; x_wconf 74' lang='lat'>2363</span> <span class='ocrx_word' id='word_1_142' title='bbox 395 2249 486 2305; x_wconf 87' lang='lat' dir='ltr'>minus</span> <span class='ocrx_word' id='word_1_143' title='bbox 504 2251 576 2306; x_wconf 87' lang='lat' dir='ltr'>bene</span> <span class='ocrx_word' id='word_1_144' title='bbox 595 2249 674 2304; x_wconf 87' lang='lat' dir='ltr'>addit</span> <span class='ocrx_word' id='word_1_145' title='bbox 691 2249 774 2305; x_wconf 82' lang='lat' dir='ltr'>haec:</span> <span class='ocrx_word' id='word_1_146' title='bbox 798 2249 877 2304; x_wconf 81' lang='lat' dir='ltr'>‘Man</span> <span class='ocrx_word' id='word_1_147' title='bbox 894 2249 970 2303; x_wconf 80' lang='lat' dir='ltr'>kann</span> <span class='ocrx_word' id='word_1_148' title='bbox 987 2251 1063 2305; x_wconf 88' lang='lat' dir='ltr'>noch</span> 
     </span>
     <span class='ocr_line' id='line_1_21' title="bbox 67 2325 1062 2401; baseline 0.001 -18"><span class='ocrx_word' id='word_1_149' title='bbox 67 2325 229 2401; x_wconf 76' lang='lat' dir='ltr'>bimuldgen,</span> <span class='ocrx_word' id='word_1_150' title='bbox 243 2329 310 2384; x_wconf 86' lang='lat' dir='ltr'>dass</span> <span class='ocrx_word' id='word_1_151' title='bbox 321 2329 509 2399; x_wconf 84' lang='lat' dir='ltr'>Xeuophanes</span> <span class='ocrx_word' id='word_1_152' title='bbox 522 2329 673 2400; x_wconf 83' lang='lat' dir='ltr'>Rhapsode</span> <span class='ocrx_word' id='word_1_153' title='bbox 687 2347 746 2385; x_wconf 78' lang='lat' dir='ltr'>war</span> <span class='ocrx_word' id='word_1_154' title='bbox 760 2371 783 2385; x_wconf 93' lang='lat'>..</span> <span class='ocrx_word' id='word_1_155' title='bbox 796 2370 803 2384; x_wconf 91' lang='lat'><strong>.</strong></span> <span class='ocrx_word' id='word_1_156' title='bbox 827 2328 866 2382; x_wconf 82' lang='lat' dir='ltr'>llr</span> <span class='ocrx_word' id='word_1_157' title='bbox 879 2328 969 2384; x_wconf 84' lang='lat' dir='ltr'>selbst</span> <span class='ocrx_word' id='word_1_158' title='bbox 982 2328 1062 2384; x_wconf 88' lang='lat' dir='ltr'>hatte</span> 
     </span>
     <span class='ocr_line' id='line_1_22' title="bbox 65 2403 1062 2480; baseline 0.002 -20"><span class='ocrx_word' id='word_1_159' title='bbox 65 2405 89 2472; x_wconf 79' lang='lat' dir='ltr'>J&#39;a</span> <span class='ocrx_word' id='word_1_160' title='bbox 99 2408 269 2464; x_wconf 70' lang='lat' dir='ltr'>umhsuude</span> <span class='ocrx_word' id='word_1_161' title='bbox 283 2407 396 2478; x_wconf 78' lang='lat' dir='ltr'>episohs</span> <span class='ocrx_word' id='word_1_162' title='bbox 409 2408 546 2466; x_wconf 83' lang='lat' dir='ltr'>Gediahta</span> <span class='ocrx_word' id='word_1_163' title='bbox 559 2409 741 2480; x_wconf 84' lang='lat' dir='ltr'>geschriebeu</span> <span class='ocrx_word' id='word_1_164' title='bbox 750 2409 921 2478; x_wconf 72' lang='grc' dir='ltr'><strong><em>Κολοφῶνος</em></strong></span> <span class='ocrx_word' id='word_1_165' title='bbox 935 2409 1031 2476; x_wconf 65' lang='grc' dir='ltr'><strong><em>ποίοις,</em></strong></span> <span class='ocrx_word' id='word_1_166' title='bbox 1046 2403 1062 2463; x_wconf 83' lang='lat' dir='ltr'>b</span> 
     </span>
     <span class='ocr_line' id='line_1_23' title="bbox 68 2483 1062 2558; baseline -0.006 -10"><span class='ocrx_word' id='word_1_167' title='bbox 68 2487 99 2548; x_wconf 67' lang='lat' dir='ltr'>*lt</span> <span class='ocrx_word' id='word_1_168' title='bbox 112 2483 208 2546; x_wconf 68' lang='lat' dir='ltr'>&#39;Elios</span> <span class='ocrx_word' id='word_1_169' title='bbox 225 2489 276 2558; x_wconf 75' lang='grc' dir='ltr'>τῆς</span> <span class='ocrx_word' id='word_1_170' title='bbox 291 2483 408 2553; x_wconf 72' lang='grc' dir='ltr'><strong><em>Ἰταλίας</em></strong></span> <span class='ocrx_word' id='word_1_171' title='bbox 427 2483 605 2558; x_wconf 73' lang='grc' dir='ltr'><strong><em>ἀποικισμός,</em></strong></span> <span class='ocrx_word' id='word_1_172' title='bbox 622 2489 680 2544; x_wconf 91' lang='lat' dir='ltr'>und</span> <span class='ocrx_word' id='word_1_173' title='bbox 698 2505 729 2544; x_wconf 86' lang='lat' dir='ltr'>es</span> <span class='ocrx_word' id='word_1_174' title='bbox 747 2487 876 2544; x_wconf 86' lang='lat' dir='ltr'>verdient</span> <span class='ocrx_word' id='word_1_175' title='bbox 888 2485 1062 2558; x_wconf 86' lang='lat' dir='ltr'>Beaohtung,</span> 
     </span>
     <span class='ocr_line' id='line_1_24' title="bbox 69 2563 1063 2644; baseline 0.002 -24"><span class='ocrx_word' id='word_1_176' title='bbox 69 2563 118 2620; x_wconf 83' lang='lat' dir='ltr'>dass</span> <span class='ocrx_word' id='word_1_177' title='bbox 141 2585 170 2624; x_wconf 81' lang='lat' dir='ltr'>er</span> <span class='ocrx_word' id='word_1_178' title='bbox 192 2585 257 2624; x_wconf 87' lang='lat' dir='ltr'>vom</span> <span class='ocrx_word' id='word_1_179' title='bbox 276 2567 436 2624; x_wconf 77' lang='lat' dir='ltr'>Handwerls</span> <span class='ocrx_word' id='word_1_180' title='bbox 459 2570 508 2624; x_wconf 87' lang='lat' dir='ltr'>des</span> <span class='ocrx_word' id='word_1_181' title='bbox 526 2567 657 2623; x_wconf 83' lang='lat' dir='ltr'>Dichters</span> <span class='ocrx_word' id='word_1_182' title='bbox 679 2567 736 2622; x_wconf 89' lang='lat' dir='ltr'>und</span> <span class='ocrx_word' id='word_1_183' title='bbox 754 2567 923 2637; x_wconf 84' lang='lat' dir='ltr'>Rhapsoden</span> <span class='ocrx_word' id='word_1_184' title='bbox 947 2573 1000 2644; x_wconf 68' lang='lat' dir='ltr'>aas</span> <span class='ocrx_word' id='word_1_185' title='bbox 1015 2585 1063 2622; x_wconf 86' lang='lat' dir='ltr'>zur</span> 
     </span>
     <span class='ocr_line' id='line_1_25' title="bbox 70 2641 1063 2718; baseline 0.005 -23"><span class='ocrx_word' id='word_1_186' title='bbox 70 2641 231 2718; x_wconf 81' lang='lat' dir='ltr'>Philosophia</span> <span class='ocrx_word' id='word_1_187' title='bbox 258 2647 406 2718; x_wconf 82' lang='lat' dir='ltr'>uberging.</span> <span class='ocrx_word' id='word_1_188' title='bbox 441 2649 534 2704; x_wconf 83' lang='lat' dir='ltr'>Wenn</span> <span class='ocrx_word' id='word_1_189' title='bbox 561 2664 591 2702; x_wconf 89' lang='lat' dir='ltr'>es</span> <span class='ocrx_word' id='word_1_190' title='bbox 619 2645 709 2702; x_wconf 85' lang='lat' dir='ltr'>heisst</span> <span class='ocrx_word' id='word_1_191' title='bbox 733 2645 825 2717; x_wconf 83' lang='lat' dir='ltr'>(Diog.</span> <span class='ocrx_word' id='word_1_192' title='bbox 844 2645 884 2701; x_wconf 86' lang='lat' dir='ltr'>IX</span> <span class='ocrx_word' id='word_1_193' title='bbox 904 2651 947 2716; x_wconf 82' lang='lat'>18)</span> <span class='ocrx_word' id='word_1_194' title='bbox 976 2642 1063 2710; x_wconf 73' lang='grc' dir='ltr'><strong><em>αὐτὸς</em></strong></span> 
     </span>
     <span class='ocr_line' id='line_1_26' title="bbox 69 2715 1064 2800; baseline -0.003 -17"><span class='ocrx_word' id='word_1_195' title='bbox 69 2715 212 2800; x_wconf 53' lang='lat' dir='ltr'>‘magides</span> <span class='ocrx_word' id='word_1_196' title='bbox 229 2724 265 2782; x_wconf 76' lang='grc' dir='ltr'>τὰ</span> <span class='ocrx_word' id='word_1_197' title='bbox 281 2723 394 2796; x_wconf 66' lang='lat' dir='ltr'>toarci,</span> <span class='ocrx_word' id='word_1_198' title='bbox 413 2743 444 2784; x_wconf 92' lang='lat' dir='ltr'>so</span> <span class='ocrx_word' id='word_1_199' title='bbox 459 2729 523 2798; x_wconf 84' lang='lat' dir='ltr'>sagt</span> <span class='ocrx_word' id='word_1_200' title='bbox 536 2727 586 2782; x_wconf 83' lang='lat' dir='ltr'>das</span> <span class='ocrx_word' id='word_1_201' title='bbox 598 2725 675 2782; x_wconf 79' lang='lat' dir='ltr'>wohl</span> <span class='ocrx_word' id='word_1_202' title='bbox 692 2727 780 2796; x_wconf 82' lang='lat' dir='ltr'>nicht,</span> <span class='ocrx_word' id='word_1_203' title='bbox 799 2727 865 2781; x_wconf 88' lang='lat' dir='ltr'>dass</span> <span class='ocrx_word' id='word_1_204' title='bbox 884 2742 915 2782; x_wconf 85' lang='lat' dir='ltr'>er</span> <span class='ocrx_word' id='word_1_205' title='bbox 934 2725 994 2781; x_wconf 88' lang='lat' dir='ltr'>sich</span> <span class='ocrx_word' id='word_1_206' title='bbox 1013 2726 1064 2780; x_wconf 76' lang='lat' dir='ltr'>aul</span> 
     </span>
     <span class='ocr_line' id='line_1_27' title="bbox 69 2800 1062 2879; baseline 0 -19"><span class='ocrx_word' id='word_1_207' title='bbox 69 2800 111 2860; x_wconf 79' lang='lat' dir='ltr'>deu</span> <span class='ocrx_word' id='word_1_208' title='bbox 125 2805 246 2878; x_wconf 78' lang='lat' dir='ltr'>Vortrag</span> <span class='ocrx_word' id='word_1_209' title='bbox 263 2807 355 2862; x_wconf 76' lang='lat' dir='ltr'>aomar</span> <span class='ocrx_word' id='word_1_210' title='bbox 372 2807 491 2879; x_wconf 84' lang='lat' dir='ltr'>eiganen</span> <span class='ocrx_word' id='word_1_211' title='bbox 509 2804 648 2864; x_wconf 83' lang='lat' dir='ltr'>Gedicbte</span> <span class='ocrx_word' id='word_1_212' title='bbox 666 2805 865 2872; x_wconf 71' lang='lat' dir='ltr'>besohrtnkte3</span> <span class='ocrx_word' id='word_1_213' title='bbox 885 2805 961 2861; x_wconf 77' lang='lat' dir='ltr'>aeine</span> <span class='ocrx_word' id='word_1_214' title='bbox 979 2803 1062 2861; x_wconf 83' lang='lat' dir='ltr'>Pole-</span> 
     </span>
     <span class='ocr_line' id='line_1_28' title="bbox 69 2881 1060 2956; baseline -0.002 -14"><span class='ocrx_word' id='word_1_215' title='bbox 69 2881 113 2936; x_wconf 71' lang='lat' dir='ltr'>mik</span> <span class='ocrx_word' id='word_1_216' title='bbox 128 2887 220 2942; x_wconf 77' lang='lat' dir='ltr'>surde</span> <span class='ocrx_word' id='word_1_217' title='bbox 237 2903 292 2941; x_wconf 87' lang='lat' dir='ltr'>nur</span> <span class='ocrx_word' id='word_1_218' title='bbox 308 2886 448 2956; x_wconf 85' lang='lat' dir='ltr'>pihanter,</span> <span class='ocrx_word' id='word_1_219' title='bbox 466 2902 550 2942; x_wconf 81' lang='lat' dir='ltr'>wenn</span> <span class='ocrx_word' id='word_1_220' title='bbox 567 2886 608 2940; x_wconf 90' lang='lat' dir='ltr'>sie</span> <span class='ocrx_word' id='word_1_221' title='bbox 626 2885 680 2941; x_wconf 90' lang='lat' dir='ltr'>mit</span> <span class='ocrx_word' id='word_1_222' title='bbox 697 2886 748 2942; x_wconf 86' lang='lat' dir='ltr'>der</span> <span class='ocrx_word' id='word_1_223' title='bbox 765 2884 926 2940; x_wconf 84' lang='lat' dir='ltr'>Recitation</span> <span class='ocrx_word' id='word_1_224' title='bbox 943 2885 994 2939; x_wconf 88' lang='lat' dir='ltr'>der</span> <span class='ocrx_word' id='word_1_225' title='bbox 1012 2900 1060 2940; x_wconf 86' lang='lat' dir='ltr'>an·</span> 
     </span>
     <span class='ocr_line' id='line_1_29' title="bbox 69 2959 1060 3037; baseline -0.01 -10"><span class='ocrx_word' id='word_1_226' title='bbox 69 2959 220 3032; x_wconf 59' lang='lat' dir='ltr'>taddeum</span> <span class='ocrx_word' id='word_1_227' title='bbox 235 2965 353 3021; x_wconf 80' lang='lat' dir='ltr'>Dichter</span> <span class='ocrx_word' id='word_1_228' title='bbox 369 2967 401 3022; x_wconf 88' lang='lat' dir='ltr'>in</span> <span class='ocrx_word' id='word_1_229' title='bbox 414 2965 597 3037; x_wconf 87' lang='lat' dir='ltr'>Verbindnng</span> <span class='ocrx_word' id='word_1_230' title='bbox 614 2968 723 3037; x_wconf 81' lang='lat' dir='ltr'>gesetut</span> <span class='ocrx_word' id='word_1_231' title='bbox 739 2979 798 3018; x_wconf 81' lang='lat' dir='ltr'>war</span> <span class='ocrx_word' id='word_1_232' title='bbox 816 2966 878 3034; x_wconf 76' lang='lat' dir='ltr'>(ll).</span> <span class='ocrx_word' id='word_1_233' title='bbox 902 2961 960 3018; x_wconf 88' lang='lat' dir='ltr'>Das</span> <span class='ocrx_word' id='word_1_234' title='bbox 974 2963 1060 3017; x_wconf 89' lang='lat' dir='ltr'>Wan-</span> 
     </span>
     <span class='ocr_line' id='line_1_30' title="bbox 68 3037 1060 3118; baseline 0.005 -28"><span class='ocrx_word' id='word_1_235' title='bbox 68 3037 195 3114; x_wconf 82' lang='lat' dir='ltr'>derleben,</span> <span class='ocrx_word' id='word_1_236' title='bbox 223 3044 274 3101; x_wconf 83' lang='lat' dir='ltr'>das</span> <span class='ocrx_word' id='word_1_237' title='bbox 301 3047 350 3100; x_wconf 92' lang='lat' dir='ltr'>ihn</span> <span class='ocrx_word' id='word_1_238' title='bbox 370 3089 376 3102; x_wconf 92' lang='lat'>.</span> <span class='ocrx_word' id='word_1_239' title='bbox 397 3088 430 3102; x_wconf 82' lang='lat'>..</span> <span class='ocrx_word' id='word_1_240' title='bbox 446 3045 597 3118; x_wconf 86' lang='lat' dir='ltr'>jahrslaug</span> <span class='ocrx_word' id='word_1_241' title='bbox 618 3045 706 3100; x_wconf 88' lang='lat' dir='ltr'>durch</span> <span class='ocrx_word' id='word_1_242' title='bbox 729 3042 927 3100; x_wconf 82' lang='lat' dir='ltr'>verschiedene</span> <span class='ocrx_word' id='word_1_243' title='bbox 950 3041 1060 3097; x_wconf 73' lang='lat' dir='ltr'>handen</span> 
     </span>
     <span class='ocr_line' id='line_1_31' title="bbox 69 3117 1060 3194; baseline -0.001 -17"><span class='ocrx_word' id='word_1_244' title='bbox 69 3117 132 3192; x_wconf 70' lang='lat' dir='ltr'>ldeb,</span> <span class='ocrx_word' id='word_1_245' title='bbox 144 3141 202 3180; x_wconf 78' lang='lat' dir='ltr'>war</span> <span class='ocrx_word' id='word_1_246' title='bbox 213 3125 291 3181; x_wconf 72' lang='lat' dir='ltr'>wohl</span> <span class='ocrx_word' id='word_1_247' title='bbox 304 3126 354 3181; x_wconf 85' lang='lat' dir='ltr'>das</span> <span class='ocrx_word' id='word_1_248' title='bbox 363 3124 457 3182; x_wconf 80' lang='lat' dir='ltr'>haben</span> <span class='ocrx_word' id='word_1_249' title='bbox 471 3126 520 3180; x_wconf 86' lang='lat' dir='ltr'>des</span> <span class='ocrx_word' id='word_1_250' title='bbox 534 3123 688 3181; x_wconf 83' lang='lat' dir='ltr'>fabrenden</span> <span class='ocrx_word' id='word_1_251' title='bbox 697 3123 868 3194; x_wconf 86' lang='lat' dir='ltr'>Rhapsoden</span> <span class='ocrx_word' id='word_1_252' title='bbox 878 3125 939 3192; x_wconf 68' lang='lat' dir='ltr'>(ll).</span> <span class='ocrx_word' id='word_1_253' title='bbox 958 3121 1060 3177; x_wconf 89' lang='lat' dir='ltr'>Jeden·</span> 
     </span>
     <span class='ocr_line' id='line_1_32' title="bbox 69 3195 1060 3275; baseline 0 -19"><span class='ocrx_word' id='word_1_254' title='bbox 69 3195 183 3259; x_wconf 71' lang='lat' dir='ltr'>falam</span> <span class='ocrx_word' id='word_1_255' title='bbox 196 3205 244 3260; x_wconf 87' lang='lat' dir='ltr'>die</span> <span class='ocrx_word' id='word_1_256' title='bbox 257 3205 386 3262; x_wconf 85' lang='lat' dir='ltr'>Person</span> <span class='ocrx_word' id='word_1_257' title='bbox 404 3205 462 3260; x_wconf 90' lang='lat' dir='ltr'>des</span> <span class='ocrx_word' id='word_1_258' title='bbox 476 3205 681 3275; x_wconf 84' lang='lat' dir='ltr'>Rhapsoden</span> <span class='ocrx_word' id='word_1_259' title='bbox 698 3203 745 3258; x_wconf 89' lang='lat' dir='ltr'>die</span> <span class='ocrx_word' id='word_1_260' title='bbox 763 3202 996 3273; x_wconf 83' lang='lat' dir='ltr'>geeignetsta,</span> <span class='ocrx_word' id='word_1_261' title='bbox 1014 3199 1060 3256; x_wconf 89' lang='lat' dir='ltr'>ihr</span> 
     </span>
     <span class='ocr_line' id='line_1_33' title="bbox 69 3273 1058 3355; baseline 0.001 -18"><span class='ocrx_word' id='word_1_262' title='bbox 69 3273 103 3330; x_wconf 73' lang='lat' dir='ltr'>die</span> <span class='ocrx_word' id='word_1_263' title='bbox 117 3283 331 3342; x_wconf 84' lang='lat' dir='ltr'>verschiedsneu</span> <span class='ocrx_word' id='word_1_264' title='bbox 343 3284 562 3355; x_wconf 80' lang='lat' dir='ltr'>Mitthsilungen</span> <span class='ocrx_word' id='word_1_265' title='bbox 580 3285 680 3340; x_wconf 84' lang='lat' dir='ltr'>iudan</span> <span class='ocrx_word' id='word_1_266' title='bbox 693 3283 780 3338; x_wconf 87' lang='lat' dir='ltr'>Muud</span> <span class='ocrx_word' id='word_1_267' title='bbox 798 3301 833 3338; x_wconf 80' lang='lat' dir='ltr'>ru</span> <span class='ocrx_word' id='word_1_268' title='bbox 851 3281 956 3354; x_wconf 88' lang='lat' dir='ltr'>legen’.</span> <span class='ocrx_word' id='word_1_269' title='bbox 986 3298 1058 3352; x_wconf 87' lang='lat' dir='ltr'>quae</span> 
     </span>
     <span class='ocr_line' id='line_1_34' title="bbox 70 3357 1059 3436; baseline -0.005 -15"><span class='ocrx_word' id='word_1_270' title='bbox 70 3357 93 3409; x_wconf 65' lang='lat' dir='ltr'>li</span> <span class='ocrx_word' id='word_1_271' title='bbox 106 3378 200 3436; x_wconf 72' lang='lat' dir='ltr'>magra</span> <span class='ocrx_word' id='word_1_272' title='bbox 219 3381 254 3420; x_wconf 84' lang='lat' dir='ltr'>ex</span> <span class='ocrx_word' id='word_1_273' title='bbox 271 3367 351 3435; x_wconf 84' lang='lat' dir='ltr'>parta</span> <span class='ocrx_word' id='word_1_274' title='bbox 370 3381 420 3436; x_wconf 87' lang='lat' dir='ltr'>per</span> <span class='ocrx_word' id='word_1_275' title='bbox 436 3381 465 3420; x_wconf 88' lang='lat' dir='ltr'>se</span> <span class='ocrx_word' id='word_1_276' title='bbox 479 3363 678 3436; x_wconf 85' lang='lat' dir='ltr'>improbabilia</span> <span class='ocrx_word' id='word_1_277' title='bbox 694 3361 833 3432; x_wconf 84' lang='lat' dir='ltr'>videntur,</span> <span class='ocrx_word' id='word_1_278' title='bbox 852 3359 893 3416; x_wconf 84' lang='lat' dir='ltr'>ita</span> <span class='ocrx_word' id='word_1_279' title='bbox 909 3361 995 3432; x_wconf 85' lang='lat' dir='ltr'>plane</span> <span class='ocrx_word' id='word_1_280' title='bbox 1013 3376 1059 3416; x_wconf 88' lang='lat' dir='ltr'>me</span> 
     </span>
     <span class='ocr_line' id='line_1_35' title="bbox 70 3431 1059 3516; baseline -0.005 -16"><span class='ocrx_word' id='word_1_281' title='bbox 70 3431 135 3510; x_wconf 58' lang='lat' dir='ltr'>bril,</span> <span class='ocrx_word' id='word_1_282' title='bbox 161 3443 227 3513; x_wconf 87' lang='lat' dir='ltr'>quid</span> <span class='ocrx_word' id='word_1_283' title='bbox 251 3443 357 3499; x_wconf 83' lang='lat' dir='ltr'>iaciant</span> <span class='ocrx_word' id='word_1_284' title='bbox 379 3443 416 3500; x_wconf 82' lang='lat' dir='ltr'>ad</span> <span class='ocrx_word' id='word_1_285' title='bbox 438 3461 598 3516; x_wconf 86' lang='lat' dir='ltr'>personam,</span> <span class='ocrx_word' id='word_1_286' title='bbox 627 3459 711 3511; x_wconf 87' lang='lat' dir='ltr'>quam</span> <span class='ocrx_word' id='word_1_287' title='bbox 734 3442 810 3512; x_wconf 88' lang='lat' dir='ltr'>apud</span> <span class='ocrx_word' id='word_1_288' title='bbox 834 3439 980 3497; x_wconf 79' lang='lat' dir='ltr'>limonem</span> <span class='ocrx_word' id='word_1_289' title='bbox 998 3439 1059 3512; x_wconf 87' lang='lat' dir='ltr'>agit</span> 
     </span>
     <span class='ocr_line' id='line_1_36' title="bbox 70 3510 465 3594; baseline 0.008 -21"><span class='ocrx_word' id='word_1_290' title='bbox 70 3510 243 3591; x_wconf 65' lang='lat' dir='ltr'>Xenophanes,</span> <span class='ocrx_word' id='word_1_291' title='bbox 263 3523 465 3594; x_wconf 82' lang='lat' dir='ltr'>explicandam.</span> 
     </span>
    </p>

    <p class='ocr_par' dir='ltr' id='par_1_6' title="bbox 122 3601 625 3674">
     <span class='ocr_line' id='line_1_37' title="bbox 122 3601 625 3674; baseline 0.006 -21"><span class='ocrx_word' id='word_1_292' title='bbox 122 3605 147 3670; x_wconf 76' lang='lat' dir='ltr'>t)</span> <span class='ocrx_word' id='word_1_293' title='bbox 164 3601 204 3658; x_wconf 81' lang='lat' dir='ltr'>cf.</span> <span class='ocrx_word' id='word_1_294' title='bbox 225 3601 295 3673; x_wconf 77' lang='lat' dir='ltr'>cic..</span> <span class='ocrx_word' id='word_1_295' title='bbox 314 3603 392 3660; x_wconf 80' lang='lat' dir='ltr'>acad.</span> <span class='ocrx_word' id='word_1_296' title='bbox 409 3621 455 3674; x_wconf 80' lang='lat' dir='ltr'>pr.</span> <span class='ocrx_word' id='word_1_297' title='bbox 474 3601 500 3656; x_wconf 92' lang='lat' dir='ltr'>ll</span> <span class='ocrx_word' id='word_1_298' title='bbox 519 3607 562 3673; x_wconf 68' lang='lat' dir='ltr'>tt,</span> <span class='ocrx_word' id='word_1_299' title='bbox 583 3607 625 3657; x_wconf 82' lang='grc'>74.</span> 
     </span>
    </p>
   </div>
   <div class='ocr_carea' id='block_1_5' title="bbox 0 0 1278 4004">
    <p class='ocr_par' dir='ltr' id='par_1_7' title="bbox 0 0 1278 4004">
     <span class='ocr_line' id='line_1_38' title="bbox 0 0 1278 4004; baseline 0 1"><span class='ocrx_word' id='word_1_300' title='bbox 0 0 1278 4004; x_wconf 95' lang='lat' dir='ltr'> </span> 
     </span>
    </p>
   </div>
  </div>
 </body>
</html>
