2544 3998
527 243 564 252 -
616 207 679 272 134
727 243 764 253 -
1030 231 1169 276 rrnonra

134 371 231 430 monis
259 369 341 446 apud
363 369 556 432 Athenaeum
583 370 749 431 admirator
771 390 867 448 paene
891 371 1017 449 nimius3
1045 373 1169 434 idcirco

135 467 313 527 crediderim
343 468 456 528 maiore
485 486 555 527 cum
580 467 797 544 probabilitate
820 468 859 528 ad
883 469 1040 529 Tim0nem
1066 491 1170 548 quam

136 583 205 624 cum
220 565 371 625 Meinekio
390 557 437 646 (in
456 565 613 642 proecdosi
631 565 670 624 ad
689 564 802 626 Oratet.
817 568 852 625 fr.
867 559 929 649 III)
949 568 988 627 ad
1005 566 1170 628 Gratetem

136 681 205 722 eum
228 663 347 740 referri,
371 663 523 740 siquidem
546 695 588 704 -
613 665 713 740 quode
735 683 808 724 eane
830 668 933 742 potest
955 665 1092 725 dubitari
1118 697 1166 706 -

135 761 335 838 philosophus
349 761 555 838 Asclepiades,
574 781 672 838 neque
691 766 727 822 nt
745 762 827 840 apud
841 761 1008 823 Homerum
1022 767 1054 824 et
1067 782 1087 822 a
1100 761 1167 840 Gy-

135 862 226 920 nnlco
245 861 311 937 ipso
325 860 460 920 medicus
480 860 604 937 quidam
620 859 809 938 significatus
825 863 879 920 est.
908 879 969 937 qna
983 861 1168 920 coniectura

136 962 260 1034 accepta
288 962 406 1018 certum
430 961 477 1018 est
499 958 574 1018 haec
596 977 657 1018 uon
679 957 816 1033 potuisse
839 958 900 1017 dici
922 957 982 1016 nisi
1004 958 1036 1016 in
1059 958 1166 1034 primo

136 1055 275 1115 ciliorum
305 1055 397 1116 libro:
431 1056 535 1132 itaque
566 1055 626 1114 huc
658 1055 739 1115 traxi
766 1059 797 1115 et
825 1055 1037 1132 Asclepiadem
1064 1076 1168 1134 prope

136 1154 268 1212 amicum
286 1153 496 1212 Menedemum
518 1154 615 1232 posui.
653 1151 705 1212 sed
728 1153 842 1230 siquis
862 1154 1021 1232 negaverit
1038 1173 1075 1212 ex
1094 1155 1167 1214 ullo

136 1251 267 1310 carmine
300 1250 380 1309 hunc
411 1269 533 1310 versum
559 1247 815 1332 ιιειιαρφόημὲνον
842 1250 975 1328 petitum
998 1269 1076 1328 esse,
1112 1269 1166 1311 mc

136 1368 196 1412 non
228 1348 352 1408 habebit
381 1349 516 1426 graviter
543 1349 756 1427 refragantem.
781 1380 823 1390 -
850 1353 989 1408 ceterum
1013 1349 1167 1408 audacter

137 1445 176 1504 ad
203 1464 340 1506 normam
362 1446 493 1506 nominis
516 1439 672 1518 Αἰδονεός
694 1446 799 1506 fictum
823 1450 870 1508 est
893 1439 1062 1522 Χαρωνεύς.

543 1644 756 1655 .....-..α-ι-

584 1801 716 1860 XXVIII

204 1921 227 2004 †
251 1916 354 2002 λόγον
380 1912 571 2002 ἀναστήσας
594 1913 813 2004 ὀφρνόμενος
835 1912 1091 2004 ἀφροσιβόμβαξ

205 2121 291 2164 ruer.
315 2102 489 2161 Laertius
512 2100 613 2180 Diog.
637 2101 669 2160 Π
694 2104 756 2162 126
782 2099 923 2178 φαίνειαι
950 2094 988 2179 δὴ
1018 2093 1163 2162 &Mevi-

139 2199 234 2279 δημος
262 2192 368 2278 σεμνὸς
395 2186 505 2272 ἱκανῶς
531 2197 683 2280 γενέσθαι·
707 2193 782 2260 ὅθεν
804 2192 895 2260 αὐτὸν
918 2193 1037 2278 Κράτης
1059 2219 1165 2281 παρφ-

141 2297 204 2359 δῶν
222 2315 297 2377 φησι
317 2345 367 2358 ...
388 2291 403 2359 ὃ
423 2293 457 2357 δὲ
477 2297 578 2375 Τίμων
596 2291 686 2358 οὕτω·
711 2290 882 2380 «λόγον’-
901 2289 1164 2376 ἀφροσιβόμβαξ».

111 2387 365 2478 ‘(Heaychius
392 2397 456 2457 Mil.
485 2415 509 2455 c.
534 2399 576 2456 44
599 2416 628 2473 p.
653 2397 708 2473 35,
733 2397 751 2456 5
781 2393 883 2454 FIach,
915 2383 955 2472 ἦν
988 2390 1021 2454 δὲ
1053 2387 1166 2472 σεμνὸς

141 2492 262 2566 ἱκανῶς
287 2488 361 2554 ὅθεν
383 2487 456 2576 κτλ.)
630 2489 632 2494 ’

208 2645 234 2681 v.
256 2632 269 2680 1
295 2623 378 2696 λόγον
404 2625 471 2681 libri
496 2643 586 2697 paene
610 2644 720 2682 omnce:
743 2627 836 2698 λέγειν
855 2627 891 2681 Η
906 2629 935 2682 et
953 2623 1087 2681 Marciam
1104 2631 1162 2681 394

140 2716 292 2785 (inquom.
303 2721 320 2770 2
335 2731 404 2770 corr.
414 2715 444 2770 in
453 2711 561 2786 tdyov);
576 2715 661 2786 λῆρον
670 2716 757 2772 Hadr.
767 2715 875 2782 Iuniue3
889 2713 981 2785 λόφον
991 2715 1023 2770 F.
1031 2713 1163 2783 Schoclh

140 2803 205 2860 fort.
228 2801 298 2859 λαὸν
321 2805 369 2860 vel
391 2801 475 2876 ὄχλον
492 2807 497 2874 l
513 2801 653 2875 ἅνσιὴοας
676 2805 786 2876 Roeper
809 2805 908 2875 philol.
926 2803 967 2858 IX
988 2822 1017 2874 p.
1038 2807 1072 2858 18
1096 2819 1163 2858 curn

142 2892 264 2948 editione
279 2891 428 2948 'lauchnit
445 2897 450 2963 Ι
466 2888 651 2966 όφρνόμενος
664 2893 794 2948 Meinelre
808 2891 906 2963 philol.
917 2891 969 2948 XV
978 2911 1006 2963 p.
1016 2897 1068 2948 332
1082 2891 1161 2962 (coll.

44 3031 46 3038 Α
139 2982 257 3052 Heeych.
281 3001 306 3037 v.
332 2979 593 3054 nuncupationem:
622 2978 812 3053 όφρνωμινος
840 2983 910 3053 (eine
933 2982 1062 3050 accentu)
1082 2980 1161 3052 1³¹0,

139 3066 331 3142 ὠφρυωμένος
354 3071 442 3127 ceteri
465 3071 532 3128 libri
554 3071 611 3126 mei
628 3077 725 3127 ornnes
744 3073 774 3126 et
793 3071 913 3140 Hesych.
933 3069 1010 3140 quod
1033 3068 1164 3128 defendit
1267 3067 1268 3084 ¹

138 3159 339 3229 Wilamowitc,
368 3161 525 3233 Ααιίροαοο
547 3179 575 3231 p.
594 3167 628 3216 96
654 3161 741 3216 talem
763 3158 944 3230 illegitimam
966 3159 1162 3230 synaloephen
1267 3199 1268 3216 ι

141 3247 254 3303 Timoni
271 3248 485 3305 condonandam
501 3265 561 3305 esea
575 3249 665 3316 ratum
684 3244 871 3319 όφρνομένος
884 3247 1032 3318 Menagiue
1046 3249 1077 3302 ct
1090 3248 1161 3304 olim
1267 3263 1268 3296 ὲ

140 3335 267 3391 defendit
293 3337 423 3394 Meineke
450 3338 487 3393 ad
510 3337 651 3393 Theocrit.
670 3335 736 3392 XIV
754 3343 788 3392 51
806 3355 834 3407 p.
854 3341 907 3392 29⁸1
935 3334 1067 3391 similiter
1095 3353 1161 3392 con·
1267 3377 1268 3390 ,

139 3425 433 3495 formatis-perfectis3
458 3421 644 3498 όφρνόμενος
661 3424 772 3496 ltoeper
789 3425 808 3480 l.
828 3441 849 3478 a
869 3441 933 3480 cnm
951 3423 1162 3479 Tauchnitiana
1267 3437 1268 3498 l

141 3513 145 3584 Ι
167 3509 383 3586 ἀφροσιβόμβαξ
402 3515 542 3585 Diogenes
562 3514 693 3586 Foro,
717 3514 839 3584 Hesych.
858 3513 898 3566 A:
922 3509 1028 3582 ἄφροσι
1049 3509 1161 3584 βόμβαξ
1267 3565 1268 3584 ἢ

139 3601 220 3670 Diog.
240 3601 282 3669 B,
300 3601 420 3671 Heeych.
438 3603 480 3671 B;
504 3599 720 3674 ἄφροσινόμβαξ
739 3601 820 3670 Dicg.
839 3601 875 3655 H
894 3602 924 3656 et
942 3599 1027 3655 Marc.
1047 3605 1101 3657 394
1119 3601 1140 3673 (’
