2544 3998
560 241 602 252 -
651 205 715 271 138
763 241 804 250 —
1065 227 1196 269 umoris

239 387 336 430 oona.
370 369 456 430 Nihil
483 369 547 430 fere
574 371 696 446 praeter
718 386 754 429 ea
777 385 856 446 quae
878 368 1056 428 Athenaeus
1079 369 1099 428 l.
1123 387 1145 428 s.
1168 387 1195 428 s.

175 473 206 528 et
225 468 326 545 epitl
344 488 373 545 p.
390 469 444 528 15⁰
463 485 500 528 ex
515 467 670 546 Antigono
686 465 827 544 Carystio
845 467 983 527 narravit
1001 467 1038 525 de
1058 466 1195 527 Ctesibio
1259 495 1260 518 i

174 566 261 626 nobis
284 569 485 643 compertum3
509 565 666 626 sufficiunt
688 567 792 625 tamen
814 564 888 624 haec
909 563 948 623 ad
970 564 1196 644 intellegendos

176 663 314 724 Timonei
337 680 442 724 versus
460 663 548 723 sales.
584 665 686 739 potest
707 663 837 722 fortasse
856 661 940 739 addi,
965 679 1001 722 ex
1019 663 1195 722 narratiun-

174 762 259 839 cula,
292 780 384 838 quam
416 779 453 820 ex
484 761 589 821 eodem
615 759 771 838 Antigono
799 760 941 820 Laertius
968 760 1058 838 Diog.
1081 759 1126 819 IV
1150 761 1194 820 37

174 858 273 937 petiit,
288 858 368 918 effici
385 877 551 936 pauperem
564 858 717 918 hominem
734 857 838 917 fuisse.
871 875 961 934 quem
980 875 1050 916 cum
1068 859 1198 935 propter

175 974 327 1016 sermones
354 956 469 1016 facetos
496 955 705 1034 gratissimum
733 954 832 1016 risum
859 973 962 1015 omnes
990 954 1133 1015 lubenter
1155 954 1196 1014 ad

175 1054 315 1116 convivia
337 1053 525 1131 vocaverint,
549 1057 580 1115 et
602 1054 827 1131 apophthegma
850 1053 932 1130 quod
952 1052 1064 1113 Athen.
1087 1053 1108 1111 l.
1128 1070 1152 1112 s.
1171 1069 1197 1112 s.

174 1153 222 1210 att
259 1152 282 1212 't
318 1151 509 1230 intellegitur
549 1155 581 1210 et
617 1152 774 1228 epitheton
811 1150 946 1211 Timonis
984 1143 1198 1228 δειπνομανής.

174 1247 265 1308 fidem
275 1251 378 1309 autem
388 1248 532 1325 quoniam
545 1267 669 1324 prorsus
680 1249 798 1309 excedit
811 1248 964 1308 hominem
974 1247 1028 1326 qui
1038 1248 1199 1325 eleganter
1260 1305 1261 1322 η

176 1346 240 1423 pila
271 1345 380 1406 luserit
413 1336 499 1426 (Ath.
522 1346 538 1404 Ι
560 1347 579 1404 l.
604 1337 642 1427 s.)
674 1349 799 1424 tamque
831 1345 937 1405 hilaris
972 1345 1066 1404 animi
1100 1344 1199 1403 luent

174 1444 289 1504 mortui
312 1444 414 1504 oculos
438 1443 580 1503 habuisse
604 1435 797 1525 (dormitavit
819 1463 891 1506 vero
913 1443 1097 1504 Eustathins
1126 1461 1198 1501 cum

176 1540 251 1600 haec
274 1541 314 1600 ad
337 1540 501 1601 deformem
523 1542 633 1601 faciem
655 1535 805 1625 rettulit),
834 1541 1004 1602 necessaria
1030 1541 1106 1599 mihi
1129 1541 1198 1602 visa

177 1642 224 1698 est
246 1639 524 1717 Schweighaeuseri
551 1639 740 1717 coniectura,
769 1657 846 1717 quae
875 1639 942 1716 ipsa
965 1638 1199 1698 commendatur

176 1737 365 1813 oppositione
389 1755 467 1813 quae
491 1737 571 1796 inter
592 1737 667 1795 haec
692 1740 723 1796 et
740 1735 878 1813 proxima
896 1735 988 1796 verba
1009 1754 1070 1795 non
1093 1735 1198 1796 minus

174 1833 379 1894 intercessisse
399 1837 491 1911 atque
510 1833 593 1910 apud
606 1833 774 1893 Homerum
792 1832 950 1912 probabile
970 1836 1023 1892 eet.
1056 1803 1088 1892 et
1106 1850 1198 1911 saga-

176 1931 251 1990 citer
264 1931 328 2007 ipse
343 1929 646 2010 Schweighaeuserns
660 1931 810 1992 animadv.
824 1935 897 1992 tom.
911 1930 943 1990 Π
956 1950 986 2007 p.
1001 1931 1066 1990 564
1086 1929 1199 2008 νεβροῦ

175 2028 319 2104 explicat:
353 2023 483 2088 ‘hinnali
510 2031 606 2090 occos
633 2030 753 2096 bobone,
786 2027 818 2086 id
845 2032 892 2087 est
923 2027 1054 2095 mobiles,
1083 2026 1198 2103 quibus
1261 2029 1262 2106 l

175 2129 314 2202 prompte
346 2126 551 2203 circumspicis
579 2130 611 2186 et
639 2125 801 2202 expiscaris
830 2124 883 2184 ubi
913 2125 1031 2184 lautam
1058 2124 1199 2200 aliquem

176 2242 301 2283 coenam
323 2223 508 2301 adipiscaris.
550 2224 593 2284 sic
617 2224 699 2300 qnod
723 2223 759 2282 de
782 2223 870 2283 corde
894 2221 1045 2282 Homerus
1068 2221 1200 2298 dixerat,

175 2319 303 2399 κραδίην
335 2315 365 2381 τ’
395 2317 532 2399 ἐλάφοιο,
568 2321 600 2381 id
632 2322 671 2380 ad
703 2321 807 2380 oculos
839 2318 1033 2379 transtulerit
1065 2312 1198 2378 Timon'.

178 2417 319 2497 ambigue
347 2438 418 2480 vero
446 2420 561 2480 dietum
589 2422 637 2479 est
663 2416 791 2495 κραδίην
814 2410 845 2476 δ’
870 2408 1036 2477 ἀκύλιστον.
1083 2415 1199 2493 quibus

176 2515 277 2575 verbis
301 2515 407 2576 dubito
430 2536 504 2575 num
526 2517 624 2576 cordis
649 2508 897 2575 durities'‘ilecti
919 2507 1046 2589 nescia',
1074 2513 1112 2572 de
1136 2532 1201 2591 qua

178 2613 347 2672 somniatur
359 2613 551 2690 Eustathiue,
567 2613 690 2674 aliunde
709 2616 789 2673 certe
808 2629 932 2690 prorsus
952 2611 1066 2689 ignota,
1086 2611 1200 2670 descri-

178 2709 284 2786 batur3
309 2709 486 2771 crediderim
508 2711 585 2770 hano
607 2710 852 2771 immobilitatem
873 2710 977 2788 potius
1002 2711 1139 2785 spectare
1160 2709 1200 2768 ad

179 2806 391 2886 pertinaciam,
416 2825 476 2885 qua
495 2812 600 2868 contra
619 2808 700 2868 cibos
720 2812 752 2868 et
773 2812 847 2885 pota
868 2825 1006 2886 pugnare
1025 2806 1123 2866 soleat
1148 2797 1201 2886 (ut

179 2906 300 2982 saepius
328 2906 410 2983 apud
432 2905 602 2966 Matronem
627 2907 823 2968 convivarum
847 2904 977 2966 aviditas
1000 2921 1071 2962 cum
1093 2921 1200 2981 pugna

180 2995 400 3084 comparatur).
448 3003 500 3063 sed
531 3003 656 3065 videtur¹
691 3023 762 3063 sane
796 3003 888 3063 etiam
919 3001 1035 3062 ventris
1068 3000 1197 3062 durities

180 3102 265 3178 carpi
288 3119 322 3160 eo
346 3101 427 3179 quod
450 3101 503 3161 ille
526 3101 616 3160 nimis
641 3103 731 3178 gulae
754 3100 883 3160 indulsit
905 3099 1020 3159 effecta.

246 3197 354 3257 Potuit
373 3211 445 3258 sane
463 3197 624 3257 Homerica
643 3199 833 3276 oppositione
852 3199 973 3257 servata
992 3185 1199 3274 sillographos

181 3294 311 3354 scribere
333 3294 461 3374 κραδίην
483 3290 517 3354 δὲ
538 3294 696 3372 κονίακοο,
719 3301 756 3356 ut
778 3295 907 3355 Plautus
931 3291 1049 3370 Captis.
1075 3293 1117 3353 85
1134 3310 1197 3370 sqq.

180 3391 331 3468 parasitos
350 3410 419 3452 cum
437 3391 562 3452 canibus
582 3393 781 3469 comparavitz
805 3393 858 3452 sed
876 3394 995 3450 mutare
1013 3409 1075 3450 non
1091 3391 1198 3450 ausim.
