2544 3998
97 227 301 271 ηκουσα
480 241 522 251 -
571 206 633 270 107
685 242 722 252 -

97 371 137 454 τῷ
160 363 225 430 δντι
245 368 414 447 πλησίστιος
437 364 490 446 μὲν
513 366 561 430 ἐπὶ
583 363 635 442 τὰς
658 363 770 448 ἡδονὰς
794 363 810 432 ὅ
834 363 1033 444 ἀκόλαστος
1055 363 1114 432 int

97 469 157 527 τῶν
171 464 341 546 ἐπιθυμιῶν
355 462 472 544 φέρεται
485 464 534 526 καλ
550 466 673 527 δίδωσιν
687 461 793 528 ἑαυτὸν
805 465 856 527 καί
870 462 1115 550 συγκατευθύνει·

95 559 220 646 πλύγιος
248 557 325 648 dici
348 558 518 643 ἀκρατής,
551 558 616 627 οἷον
643 562 837 646 ἐξαναφέρειν
867 558 1039 646 γλιχόμενος
1065 564 1116 626 καὶ

96 663 281 725 διωθεῖσθαι
302 656 335 724 ri
353 657 454 736 πάθος
471 656 615 741 ύποσύρει
634 655 740 745 (immo
754 656 947 745 ὑποσύρεται)
969 662 1019 724 καὶ
1037 685 1115 744 περι-

96 761 195 822 πίπτει
214 757 281 840 περὶ
297 754 330 822 τὸ
349 755 483 841 αἰσχρόν·
508 753 548 832 ὦς
561 754 743 842 Ἀνύξαρχον
761 759 902 823 ἐσίλλαινε
923 761 1036 840 Τίμων·
1061 761 1116 823 «έν

98 855 131 919 δὲ
145 889 189 901 -
208 858 377 935 σοφισταί».
410 853 477 919 ούτε
494 851 551 938 γδιρ
569 851 587 919 δ
606 853 700 936 σοφὸς
719 853 861 941 ἐγκρατὴς
879 853 952 920 ἀλλὰ
971 854 1115 940 ούφρον·

97 951 167 1017 οὕτε
190 949 207 1016 ὅ
230 949 352 1034 ἆμαθης
374 949 504 1035 τἰκρατης
526 948 600 1015 citit
622 949 797 1030 ἀκόλαστος·
821 948 837 1019 ὃ
860 953 915 1037 μέν
936 951 994 1039 γὰρ
1015 951 1116 1035 ἥδεται

94 1058 158 1127 τοῖς
180 1055 295 1130 καλοῖς,
319 1046 335 1114 ὃ
358 1049 392 1113 δέ
416 1047 471 1114 ούκ
493 1047 616 1133 ἄχθεται
638 1057 699 1126 τοῖς
722 1053 860 1135 αἰσχροῖς.
903 1057 1116 1133 σοφιστικῆς

96 1139 155 1212 οὖν
186 1153 287 1230 ψυχῆς
314 1144 333 1229 ἡ
361 1143 488 1230 ιἰκρασία
519 1145 609 1232 λόγον
636 1146 760 1231 ἐχούσης
788 1146 832 1226 οἷς
859 1151 988 1233 έγνοοκεν
1015 1146 1116 1233 ὀρθῶς

96 1245 234 1328 έμμένειν
247 1242 287 1327 μὴ
302 1242 481 1328 δυνύμενον.
504 1249 603 1309 Idem
616 1249 653 1309 de
667 1249 778 1311 vitioso
792 1252 908 1330 pudore
923 1269 947 1312 o.
959 1254 977 1312 2
988 1273 1017 1329 p.
1026 1243 1115 1312 529Δ

96 1340 161 1408 οὔτ’
187 1335 227 1407 αὖ
254 1340 345 1407 πάλιν
372 1344 490 1426 ἐκείνην
516 1343 685 1408 ἐπαινετέον
712 1341 768 1426 τὴν
788 1343 932 1429 Ιδι’τρεπτον
954 1346 1005 1410 καλ
1027 1343 1115 1426 ιἰτενῆ

95 1439 249 1505 διάθεσιν·
278 1441 332 1504 «ἓν
354 1439 388 1504 δὲ
410 1477 453 1532 ᾗ·
477 1441 595 1524 μένος».
640 1435 739 1506 Idem
767 1446 951 1525 Symposiac.
979 1446 1031 1507 lib.
1054 1447 1115 1507 VII

95 1545 215 1620 quaest
235 1541 266 1619 5,
285 1544 305 1602 3
324 1563 352 1619 p.
375 1537 460 1604 705¹)
484 1537 531 1604 διδ
553 1536 622 1615 τούς
645 1539 699 1621 μέν
721 1541 787 1622 περὶ
810 1539 925 1618 ἐδωδὰς
946 1542 996 1606 καλ
1019 1538 1113 1624 ἄφρο-

96 1639 179 1700 δίσια
201 1635 253 1698 καλ
274 1633 393 1713 πότους
407 1632 604 1721 ύστοχούντας
627 1633 672 1713 οἷς
694 1634 779 1702 νόσοι
800 1661 830 1700 τε
848 1638 953 1702 πολλαί
975 1640 1025 1702 καί
1047 1663 1115 1720 χρη·

96 1731 198 1816 μάτων
221 1731 342 1814 ὄλεθροι
364 1740 624 1800 συνακολουθοῦσι
647 1736 697 1799 καί
720 1732 751 1800 τὸ
769 1740 868 1810 κακῶς
885 1731 1009 1798 ἀκούειν
1026 1733 1115 1816 ἄκρα·

95 1839 155 1908 τεῖς
185 1829 460 1914 προσαγορεύομεν,
493 1829 533 1909 οδς
567 1832 733 1915 Θεοδέκτην
764 1833 879 1896 ἐκεῖνον
902 1877 935 1895 ..
958 1877 991 1898 ..
1014 1827 1034 1912 ἢ
1061 1829 1114 1896 τὸν

93 1923 273 2010 Ἀβδηρίτην
291 1924 485 2011 Ἀνάξαρχον·
510 1922 566 2006 «ὅς
587 1932 625 2014 δα
648 1965 690 1976 -
715 1933 882 2012 σοφισταί».

169 2095 195 2132 v.
217 2081 231 2129 1
256 2071 325 2131 ούδὲ
344 2075 418 2130 Plut.
436 2093 463 2145 p.
484 2081 535 2130 529
559 2078 563 2143 Ι
588 2075 751 2146 θαρραλέον
770 2075 843 2132 Plut.
863 2075 930 2132 ibid.
957 2078 961 2144 Ι
991 2072 1114 2146 ἐμμανὲς

97 2163 229 2219 Meineke
247 2163 267 2218 l.
286 2165 305 2217 i.
324 2181 345 2218 s.
364 2161 447 2234 lapsu
465 2163 581 2232 calami,
603 2165 634 2218 ni
651 2164 746 2232 sallom
768 2164 883 2220 iteravit
899 2167 996 2219 tamen
1013 2163 1115 2218 vitium

95 2253 244 2322 Mnileoht
266 2247 385 2320 ὀρούσαι
403 2249 482 2306 libri:
507 2268 576 2309 corr.
593 2249 723 2308 Meinelre
742 2269 831 2308 exerc.
850 2251 880 2306 in
898 2250 1000 2306 Athen.
1019 2249 1033 2304 1
1049 2268 1077 2321 p.
1098 2256 1113 2305 7

97 2367 132 2388 =
153 2341 228 2396 anal.
247 2358 274 2410 p.
294 2344 328 2394 27
349 2341 359 2410 ΙΙ
380 2358 407 2396 τ.
426 2345 443 2393 2
463 2333 480 2394 ὅ
499 2336 535 2410 δα
553 2338 628 2395 Plut.
647 2358 675 2410 p.
696 2343 747 2396 529
766 2341 776 2410 ΙΙ
793 2359 819 2396 v.
839 2345 856 2394 3
875 2335 912 2404 δίς
931 2357 1019 2410 φασιν
1038 2339 1113 2394 Plnt.

95 2449 123 2500 p.
144 2433 221 2500 ⁷051
239 2448 265 2484 v.
284 2433 302 2482 4
320 2429 353 2500 τῇ
373 2432 498 2483 πλεῖστοι
515 2427 589 2484 Plut.
609 2428 677 2485 ibid.

165 2625 262 2668 como
294 2604 491 2666 Anaxarchus
519 2597 633 2684 (quode
660 2610 731 2684 post
752 2607 928 2685 Duronium,
955 2608 1025 2668 lect.
1048 2605 1113 2666 Att.

95 2729 125 2786 p.
152 2707 214 2766 181
236 2722 301 2781 sqq.
324 2722 405 2764 nunc
428 2704 466 2764 of.
485 2702 680 2780 Gompernius
703 2705 735 2764 in
758 2709 915 2765 comment.
938 2705 1113 2765 Mommsen.

95 2826 126 2884 p.
150 2807 214 2866 471
232 2793 325 2882 sqq.),
357 2801 542 2863 Democritei
573 2801 718 2880 Diogenis
748 2802 906 2880 Smyrnaei
937 2802 1114 2879 discipulus,

96 2900 263 2981 Pyrrhonis
295 2899 443 2976 magister
473 2899 546 2959 fnit:
578 2900 616 2959 cf.
640 2898 732 2960 Olem.
760 2905 863 2960 strom.
886 2900 902 2958 I
926 2901 968 2958 14
994 2920 1025 2975 p.
1048 2901 1113 2958 353
1181 2887 1183 2892 ’

97 2999 192 3076 Pott.‚
223 2996 336 3057 Duseb.
362 3015 408 3073 pr.
436 3015 481 3058 ev.
510 2997 582 3056 XIV
607 3001 657 3075 17,
683 3001 753 3075 16,,
771 2995 874 3058 Galen.
902 2995 971 3056 hist.
994 2994 1068 3071 phil.
1094 2996 1113 3054 3

96 3119 125 3175 p.
147 3099 221 3173 601,
243 3097 283 3156 13
303 3094 397 3154 Diels.
432 3093 600 3156 Democriti
620 3095 742 3172 placitis
764 3094 829 3172 ip'se
853 3111 885 3153 se
906 3091 1025 3153 addixit
1044 3109 1114 3150 oum

96 3191 233 3273 physicis
256 3223 298 3234 -
322 3192 359 3253 cf.
379 3209 458 3269 qnae
481 3191 563 3269 apud
585 3191 666 3254 Plut.
689 3195 810 3269 trenqu.
833 3209 881 3250 cn.
904 3208 928 3249 ο.
952 3191 972 3250 4
991 3210 1020 3266 p.
1035 3189 1114 3268 4663

97 3293 200 3352 Veler.
232 3290 310 3350 Mox.
338 3289 415 3350 vm
445 3291 485 3350 14
521 3291 633 3350 extem.
662 3293 680 3350 2
718 3288 755 3350 de
791 3287 957 3348 innumeris
993 3287 1114 3350 mundis

97 3389 238 3466 disputat
257 3417 299 3428 -κ
322 3391 390 3446 tum
413 3386 530 3447 ethicis.
553 3405 623 3446 nem
647 3384 729 3463 quod
750 3378 806 3462 τὴν
823 3377 1017 3462 εύδαιμονίαν
1033 3382 1114 3460 τέλος

97 3487 176 3546 dixit
203 3477 324 3566 (Galen.
347 3483 418 3545 hist.
444 3483 519 3561 phil.
543 3485 564 3542 4
586 3504 615 3561 p.
641 3485 717 3560 602,
741 3485 759 3542 2
784 3473 907 3564 Diels),
936 3481 968 3542 id
990 3483 1113 3544 minime

98 3583 252 3659 discrepat
275 3598 293 3641 c
315 3581 489 3643 Democrito
513 3574 564 3664 (of.
589 3582 654 3642 eins
677 3582 712 3640 fr.
735 3598 810 3644 mor.
829 3583 848 3641 8
873 3584 904 3641 et
928 3584 946 3641 9
970 3577 1113 3640 Mullech.
