2548 4004
198 928 281 1006 Silii,
306 927 438 988 Graecae
460 947 587 1006 poeseos
606 947 703 1007 genus
720 933 757 989 ut
774 948 830 1006 per
848 947 879 990 se
899 929 974 990 satis
993 929 1148 1009 singulare

126 1031 161 1088 et
184 1027 294 1088 subtili
316 1027 557 1104 perscrutatione
581 1028 708 1106 dignum
729 1029 775 1088 ita
797 1027 932 1088 nondum
955 1047 991 1090 ea
1014 1048 1076 1108 qua
1098 1030 1148 1090 de·

126 1131 179 1186 cet
202 1125 363 1204 diligentie
386 1126 577 1202 exploratum
587 1115 628 1208 ¹),
653 1126 777 1208 quinam
801 1129 832 1185 et
855 1126 961 1204 quales
984 1127 1100 1188 fuerint
1122 1128 1148 1186 si

126 1222 308 1300 dignoscere
327 1223 387 1300 vis,
405 1223 527 1284 tribus
545 1224 619 1284 licet
636 1225 694 1285 viis
712 1223 884 1301 procedere.
915 1224 1049 1302 primum
1067 1225 1149 1286 enim

125 1319 245 1398 poteris
263 1319 375 1380 'videre
407 1321 480 1398 quid
509 1341 545 1381 ex
572 1321 668 1399 ipsius
696 1322 779 1384 vocis
806 1321 907 1382 radice
937 1326 968 1382 et
994 1325 1148 1400 potestate

127 1417 201 1478 elici
225 1421 331 1496 queat,¹
361 1421 428 1478 tum
456 1438 602 1497 quaerere
630 1439 691 1498 qua
717 1421 835 1480 ratione
860 1439 878 1479 a
902 1418 1025 1480 Graecis
1048 1439 1147 1499 gram·

125 1515 250 1575 maticis
270 1507 408 1575 ciliorum
426 1520 538 1576 natura
556 1517 708 1594 descripta
727 1519 780 1596 sit,
804 1518 934 1596 denique
953 1520 1148 1604 exsiliorum

65 1625 68 1632 '
126 1614 270 1692 reliquiis
294 1632 399 1674 eorum
421 1615 553 1692 speciem
577 1615 765 1676 adumbrare.

198 1709 354 1771 Primam
376 1731 448 1772 sene
472 1712 554 1774 viam
575 1715 729 1790 persecuti
751 1731 860 1792 parum
882 1713 1083 1792 proficiemus.

188 1809 278 1870 ,Nam
292 1808 410 1883 σίλλος
425 1795 590 1891 (quomodo
605 1811 797 1872 scribendum
811 1803 909 1893 esse²)
929 1811 1042 1872 diserte
1059 1830 1147 1888 prae-

126 1907 213 1984 cepit
235 1905 427 1967 Herodianus
448 1905 516 1986 περί
534 1929 599 1986 μον.
619 1906 675 1982 λίξ.
698 1929 727 1988 p.
744 1915 795 1988 11,
810 1912 851 1970 26
875 1910 964 1970 Dind.
989 1913 1021 1970 et
1042 1913 1148 1972 οιαθολ.

128 2003 263 2086 σοοσφὸ.
284 2025 314 2080 p.
331 2007 440 2083 158,1
466 1997 585 2087 Lanu.)
609 2007 683 2085 quid
706 1993 857 2086 significet
879 2007 1055 2068 certissimis
1079 2025 1148 2067 con·

128 2107 194 2164 stat
226 2103 423 2182 testimoniis,
455 2103 594 2181 quamvis
624 2104 664 2164 de
695 2105 779 2166 vocis
811 2105 999 2174 derivatione
1012 2103 1016 2112 '
1031 2125 1100 2165 cum
1129 2123 1149 2164 a

125 2199 286 2262 veteribus
304 2203 372 2259 tum
391 2220 409 2260 a
427 2202 599 2262 recentibus
618 2194 1149 2284 grammaticis³)va1deambigatur

125 2303 160 2358 et
188 2298 289 2356 adhuc
316 2299 372 2357 sub
401 2299 500 2366 iudice
528 2300 566 2359 lis
590 2300 638 2360 sit.
679 2301 801 2377 proprie
830 2301 910 2360 enim
937 2299 1034 2371 σίλλος
1060 2299 1149 2360 audit

125 2396 184 2474 qui
216 2394 311 2472 vulgo
344 2388 483 2475 σοοοίβος,
515 2397 610 2458 latine
642 2390 776 2480 strctffi)
807 2402 900 2476 atque
929 2396 1089 2458 σιλλαίνειν
1116 2401 1149 2460 et

203 2587 230 2650 1)
258 2581 385 2659 digerunt
411 2581 446 2638 de
476 2583 526 2638 eis·
544 2583 573 2639 (λ.
593 2583 613 2639 Ι.
633 2583 737 2639 Strand
767 2579 826 2638 ‘De
854 2585 941 2640 sillis'
971 2583 1044 2656 disp.
1068 2585 1148 2640 acad.

126 2663 260 2736 praeside
281 2663 341 2720 Pet.
360 2663 547 2720 Eckermann.
580 2663 780 2734 Vpsal.1'1463
812 2666 846 2720 is.
869 2663 915 2722 ur.
938 2664 1149 2736 Langheinrich

127 2744 189 2800 ‘De
208 2741 326 2800 'limone
346 2742 537 2814 sillographo'
558 2743 624 2799 diss.
643 2741 657 2796 I
675 2741 763 2814 (Lips.
784 2747 870 2820 1720).
883 2763 910 2815 p.
925 2749 1047 2813 28-863
1065 2739 1095 2799 F.
1113 2746 1147 2800 A.

125 2823 251 2879 Woelke
271 2823 330 2880 ‘De
349 2821 520 2879 Graecorum
537 2821 624 2878 sillis’
644 2819 761 2878 Vereor.
782 2829 864 2892 18203
882 2825 913 2881 1⁴¹.
931 2822 1002 2878 Paul
1022 2821 1080 2879 ‘Dc
1099 2823 1149 2879 sii-

125 2904 165 2960 lis
185 2903 372 2960 Graecorum’
392 2903 514 2959 Berolin.
536 2909 618 2970 1821;
641 2901 674 2958 A.
689 2904 811 2959 Weland
831 2904 889 2960 ‘Dc
905 2903 1029 2975 praecip.
1050 2905 1148 2974 pared.

125 2985 244 3042 Homer.
265 2983 447 3056 scriptoribus
466 3001 511 3054 ap.
531 2983 589 3040 Gr!
610 2983 747 3054 (Gotting.
759 2987 840 3054 1833)
853 3003 881 3055 p.
893 2989 1012 3050 15-213
1033 2988 1148 3038 50-58.

202 3067 231 3134 λ)
248 3061 396 3120 Pelluntur
408 3063 497 3135 igitur
510 3061 690 3120 Tittrnannus
704 3063 740 3117 ad
755 3063 853 3120 Zonar.
867 3081 895 3134 p.
908 3068 978 3119 1648
992 3064 1022 3117 et
1031 3061 1147 3118 Paulina

149 3151 206 3202 ,11
226 3146 285 3200 not
299 3144 319 3199 i.

127 3164 147 3216 p
202 3225 230 3293 3)
248 3223 403 3278 Multorum
417 3221 594 3293 opinationes
609 3219 752 3292 congessit
763 3222 879 3278 Paulina
892 3240 920 3292 p.
932 3225 1030 3292 r-1a,
1045 3223 1147 3294 quibus

129 3303 240 3359 adicias
262 3302 436 3359 Doederlinii
456 3303 646 3357 commentum
669 3300 746 3370 quod
768 3301 917 3373 proposuit
939 3301 983 3358 De
1001 3301 1086 3374 oipto
1099 3305 1147 3358 r'a-

127 3386 235 3440 sensim
253 3399 330 3439 cerm.
352 3383 402 3439 Gr.
420 3400 448 3452 p.
466 3387 512 3450 183
530 3384 626 3438 cetera
643 3397 862 3438 commemorare
879 3383 985 3441 madet.

205 3466 233 3534 4)
256 3463 342 3534 Apud
360 3461 527 3530 Lucianum,
546 3462 738 3532 Lccipieom
761 3461 792 3517 in
813 3461 894 3518 libris
917 3465 962 3519 est
980 3459 1035 3535 tyci
1056 3465 1147 3528 σίλλος

127 3547 218 3614 (nunc
241 3538 315 3606 ίλλόο
340 3542 440 3614 legunt
463 3541 513 3597 scd
541 3541 631 3605 σίλλος
658 3539 786 3598 defendit
807 3541 978 3598 Fritaschius
1001 3544 1038 3598 ad
1059 3543 1147 3600 Arist.
1264 3595 1265 3610 .

130 3623 237 3680 Τίκωο.
253 3639 279 3680 v.
293 3627 345 3679 846
355 3641 383 3694 p.
394 3611 507 3692 327),·οί
522 3618 654 3694 δέσποτα,
668 3618 823 3692 γεγένημαι
836 3619 867 3678 σὲ
881 3622 1031 3692 περισσῶν,
1046 3620 1147 3690 quibus
1264 3623 1265 3687 ζ
