2548 4004
488 6 612 23 “d-*nv

487 206 706 271 ..57-

80 371 135 430 hic
161 369 286 430 additur
307 370 393 430 deest
415 370 447 428 in
471 370 592 446 optimis
616 369 716 446 libris]
742 361 944 452 (Ξενῲάνης)
970 367 1002 429 ἐν
1025 367 1105 430 ἔπεσι

81 464 136 527 ml
165 464 293 547 ἐλεγείας
319 465 370 528 καὶ
392 462 520 547 ἰάμβους
542 461 614 528 καθ’
641 461 784 529 Ἡσιόδου
811 465 861 528 καὶ
884 461 1015 545 Ὀμήρου
1042 464 1105 528 ἐπι-

83 559 208 626 κόπτων
230 559 333 626 αὐτῶν
354 559 389 626 τὰ
413 562 583 642 περ1θεῶν
606 561 752 643 εἰρημένα.
793 565 825 624 in
849 583 908 642 quo
932 565 998 625 loco
1017 551 1115 626 vexa-⁸

84 663 207 723 tissime
230 664 363 740 primum
387 667 524 724 constare
546 663 621 722 mihi
643 663 765 723 videtur
778 663 934 740 —quode
959 663 995 721 cf.
1016 663 1107 723 etiam

83 761 235 838 Karnius,
257 763 305 821 co.
331 761 500 836 Xenophon.
523 779 550 822 c.
573 761 724 836 Kolophoa
748 753 861 841 (Sedin.
888 753 987 841 1874)
1011 781 1040 837 p.
1066 763 1106 820 18

84 858 157 920 adn.
183 861 225 918 25
250 890 307 936 —‚
338 851 466 938 ἰάμβους
492 859 584 919 verbo
614 877 674 919 non
702 859 861 936 vulgarem
891 857 1107 934 metricamque

85 955 343 1034 significationem
370 956 467 1016 inesse
494 957 547 1016 sed
573 957 679 1033 paullo
706 956 865 1032 rariorem,
893 955 929 1014 de
959 973 1019 1031 qua
1046 953 1107 1012 iam

86 1073 184 1132 supra
206 1075 235 1131 p.
260 1056 301 1113 26
326 1052 400 1130 dixi,
428 1053 473 1112 ita
494 1058 531 1113 ut
555 1054 764 1113 describantur
780 1046 928 1112 ‘carmina
949 1043 1107 1128 probrosa‘

87 1153 119 1211 in
149 1151 262 1229 quibus
286 1169 363 1228 quae
382 1150 531 1210 Homerus
550 1151 759 1228 Hesiodusque
783 1151 820 1210 de
843 1150 888 1209 dis
915 1150 1109 1226 protulerunt

86 1249 256 1327 castigavit
287 1248 494 1325 Xenophanes,
550 1249 636 1309 cuius
672 1249 777 1308 iudicii
809 1247 988 1325 gravissima
1020 1259 1109 1323 argu·

88 1349 194 1408 menta
217 1346 278 1407 duo
301 1346 374 1404 haec
396 1348 480 1404 sunt:
503 1344 672 1406 iamborum
690 1346 883 1423 Xenophanis
902 1363 956 1405 nec
974 1344 1045 1404 vola
1063 1346 1110 1403 est

88 1463 145 1505 nec
182 1443 361 1520 vestigium
399 1461 469 1501 nam
501 1441 593 1503 verba
626 1443 774 1520 quaedam
802 1443 883 1520 apud
915 1441 1110 1502 scholiastam

89 1541 289 1619 Hippocratis
322 1539 404 1614 [vide
436 1559 516 1600 nuno
547 1541 682 1600 Erotion.
715 1561 744 1618 p.
772 1544 812 1601 18
845 1537 957 1613 Klein]
991 1541 1111 1599 serrata
1232 1545 1236 1552 '

89 1659 153 1699 non
179 1639 271 1698 licere
298 1638 330 1696 in
357 1637 517 1696 iambicam
544 1639 672 1698 fonnem
694 1639 838 1716 redigere,
861 1637 1026 1696 rectissime
1050 1635 1111 1694 iam

90 1736 234 1814 exposuit
251 1735 429 1812 Meinelxius,
448 1737 553 1795 vindic.
573 1735 707 1795 Straton.
726 1756 755 1812 p.
776 1739 853 1812 2173
876 1733 951 1792 mihi
969 1733 1111 1794 videntur

91 1851 128 1894 aa
156 1832 336 1909 simpliciter
363 1835 498 1909 spectare
527 1832 565 1892 ad
589 1833 764 1893 notissimae
787 1831 903 1910 elegiae
926 1823 960 1910 (7
985 1822 1111 1912 Bergk.)

91 1947 214 1992 versum
242 1931 381 1990 alterum.
428 1930 498 1989 dein
525 1930 551 1988 si
577 1924 704 2009 ἰάμβους
731 1935 861 1991 metrum
884 1928 1047 2007 significat,
1080 1923 1113 1987 ἐν

92 2027 175 2090 ἔπεσι
206 2027 398 2088 referendum
428 2030 475 2087 est
502 2027 540 2086 ad
566 2028 755 2088 hexametros
783 2028 930 2112 herciaco,
962 2027 1009 2086 his
1041 2045 1112 2086 vero

94 2129 201 2187 notum
240 2129 287 2184 eet
323 2124 489 2185 Homerum
526 2123 753 2203 Hesiodumque
790 2145 808 2185 a
839 2125 1022 2201 Xenophane
1058 2123 1112 2181 im·

94 2227 248 2302 pugnatos
264 2239 341 2298 esse3
360 2221 464 2300 itaque
476 2221 675 2300 philosophus
691 2222 790 2283 tribus
803 2240 927 2301 poeseos
941 2219 1110 2298 generibus

94 2320 278 2382 hexametris
304 2319 410 2398 elegiis
433 2319 550 2398 iambis
573 2325 679 2398 poetas
702 2321 772 2380 illos
796 2320 959 2397 castigasse
979 2321 1113 2376 statuen-

95 2419 153 2480 dus
185 2421 278 2495 esset,
312 2417 392 2495 quod
426 2435 543 2477 omnem
573 2417 662 2478 fidem
690 2417 814 2477 excedit.
859 2403 1112 2475 Wilamowitzius

99 2535 170 2577 vero
187 2515 420 2576 commentariolo
435 2518 626 2604 grammatico
643 2515 675 2574 11
694 2507 819 2596 (proem.
837 2513 898 2572 ind.
917 2513 985 2573 lect.
1002 2511 1114 2591 Gryph.

100 2604 231 2694 1880s1)
245 2634 275 2689 p.
292 2614 311 2671 7
330 2613 404 2672 haec
423 2613 461 2672 ad
479 2632 588 2673 unum
607 2613 735 2672 coniecit
752 2612 902 2689 pertinere
917 2629 1045 2688 carmen,
1065 2611 1115 2670 cui

97 2711 230 2774 inessent
261 2708 355 2768 iambi
386 2728 440 2786 per
473 2712 608 2769 saturam
640 2710 767 2770 admixti
793 2709 905 2769 herois:
938 2709 1055 2768 sed-
1078 2711 1116 2767 ut

98 2807 161 2868 alia
177 2808 214 2868 de
235 2805 346 2884 quihus
360 2807 440 2866 infra
454 2806 552 2866 dicam
565 2826 644 2867 nuno
659 2807 780 2866 mittam
794 2839 837 2848 -
852 2805 1002 2884 quomodo
1016 2804 1116 2866 verbis

98 2904 219 2966 traditis
238 2923 359 2964 carmen
377 2903 559 2964 heroiambis
574 2896 663 2984 (quos
678 2904 752 2965 dicit
766 2898 900 2985 Tnetnee)
915 2903 1116 2979 compositum

100 3001 264 3082 significari
296 3001 443 3079 potuerit,
477 3000 550 3079 quid
577 3001 769 3078 potissimum
797 2999 897 3061 verbis
920 2995 970 3058 noti
992 2993 1117 3075 ἐλεγείας

101 3099 272 3162 laciendum
295 3098 348 3176 eit,
370 3099 436 3176 ipse
459 3098 577 3158 viderit.

165 3198 245 3259 Item
273 3193 307 3256 ἐν
333 3192 414 3256 ἔπεσι
441 3200 542 3273 potest
570 3196 733 3273 dupliciter
760 3193 917 3271 explicari,
947 3195 1001 3252 aut
1029 3209 1117 3271 gene·

100 3295 207 3355 taliter
244 3284 389 3374 (scripsit
422 3293 559 3354 versibus
592 3293 769 3354 constrictos
802 3290 908 3367 libros,
947 3308 1058 3368 eosque
1090 3293 1120 3349 et

101 3393 214 3470 elegias
242 3395 274 3451 et
296 3391 430 3452 carmina
452 3391 598 3468 probrosa
621 3391 726 3450 contra
748 3389 915 3448 Homerum
938 3387 1116 3448 Hesiodum·

102 3482 186 3571 que’)
223 3493 279 3550 ant
310 3490 506 3568 singulariter
539 3481 685 3570 (scripsit
717 3485 847 3545 carmine
880 3485 1015 3562 heroico,
1047 3484 1120 3543 item

104 3587 217 3666 elegias
250 3591 281 3648 et
313 3587 445 3647 carmina
476 3586 622 3664 probrosa
651 3587 756 3645 contra
788 3580 876 3641 Hom.
910 3574 998 3660 etos).
1052 3579 1119 3637 illo
