2548 4004
540 203 738 267 ..6.-

128 369 247 427 σιλλοῦν
271 370 318 428 est
337 361 453 427 ‘oculos
472 366 663 445 distorquere
687 366 726 427 ad
744 365 932 427 irridendum
950 359 1143 448 aliquem'¹):

128 465 279 525 translata
306 465 404 544 igilur
429 467 583 542 potestate
611 463 782 541 σιλλαίνειν,
810 466 943 540 σιλλοῦν,
976 463 1145 524 διασιλλοῢν

128 563 211 622 valet
231 554 412 644 ‘irridere'²)
436 565 467 622 ei
486 562 582 634 σίλλος
605 561 718 622 dicitur
735 563 785 624 vel
799 553 966 643 ‘derisio'³)
989 562 1040 623 vel
1055 556 1161 621 ‘deri

128 653 198 736 τοτ’,
222 664 259 720 ut
281 680 300 721 a
322 659 446 721 Cratino
470 658 638 737 Cecropum
663 658 787 737 quidam
815 659 871 718 hcc
898 659 1019 719 nomine
1043 661 1144 736 appel·

127 756 209 817 laius
234 749 323 838 esd).
357 757 488 817 efficitur
511 776 583 836 ergo
606 757 740 818 carmina
763 751 949 828 ‘irrisiones'
974 757 1055 818 dicta
1077 757 1144 816 irri-

128 854 226 915 siones
251 855 445 916 continuisse.
549 845 552 852 ¹

196 953 337 1012 Carmina
368 971 440 1014 vero
469 945 636 1013 ‘irrisoria’
668 952 773 1012 codem
804 951 871 1012 iure
903 954 997 1030 alque
1029 950 1146 1024 σίλλους

127 1050 350 1126 nuncupaveris
373 1051 423 1112 vel
447 1051 616 1110 comoedias
635 1051 685 1112 rel
704 1049 820 1108 iambos
838 1049 967 1126 multem
989 1046 1144 1109 videamus

128 1147 226 1225 igitur
248 1147 322 1225 quid
345 1147 384 1207 cd
408 1149 580 1209 accuratius
599 1133 840 1227 cognoscendam
861 1146 953 1207 huius
971 1146 1145 1207 litierarum

128 1245 247 1322 generis
270 1248 412 1306 naturam
435 1246 554 1306 altera
577 1246 628 1308 via
651 1245 863 1323 adipiscamur.

126 1485 220 1540 verbis
243 1486 394 1558 adscripsit
412 1485 535 1542 Arethes
558 1487 588 1542 in
606 1485 781 1542 Baohmanni
798 1485 854 1542 Aa.
876 1485 925 1542 Gr.
945 1482 972 1538 11
990 1501 1019 1554 p.
1033 1489 1094 1552 342,
1109 1489 1143 1538 λλ

129 1565 220 1628 σίλλος
238 1564 271 1620 de'
291 1562 367 1622 ἔστιν
386 1561 401 1621 ὃ
422 1563 594 1638 διάστροφος
612 1563 679 1630 τούς
697 1561 875 1638 ὀφθαλμούς.

203 1656 229 1723 1)
249 1654 295 1710 Sic
314 1655 436 1724 σιλλοῦν,
454 1657 529 1726 quod
548 1653 707 1727 Archippus
725 1655 850 1711 comicus
870 1653 914 1724 (fr.
933 1653 988 1708 inc.
1010 1657 1041 1706 11
1061 1651 1145 1706 Mein.
1209 1674 1213 1682 ·

130 1733 202 1789 Gom.
225 1735 273 1790 Gr.
292 1734 319 1789 lI
336 1754 363 1806 p.
380 1741 444 1802 2293
465 1739 499 1790 52
518 1735 605 1790 Koclr.
628 1734 699 1791 Com.
719 1736 778 1792 Aa.
797 1735 811 1790 I
829 1753 855 1804 p.
871 1735 934 1802 689)
954 1733 1075 1801 dixerat,
1099 1749 1146 1786 ex-

130 1813 249 1884 plicavit
268 1815 351 1870 -id
375 1814 451 1885 quod
473 1814 645 1870 comicorum
669 1815 791 1870 editores
813 1812 888 1885 fugit
906 1845 942 1855 -
960 1812 1058 1868 Aelius
1078 1811 1145 1866 Dio-

130 1893 226 1961 nysius
244 1894 321 1964 apud
334 1893 465 1950 Eustaih.
479 1913 508 1965 p.
518 1900 579 1962 204,
590 1900 624 1950 λλ
643 1893 734 1963 (Phoe.
754 1893 829 1950 enim
848 1913 874 1950 v.
889 1893 1001 1948 σιλλοῦν
1020 1891 1146 1948 indidem

57 2045 60 2052 Ι
126 1973 235 2044 hausit)
253 1971 319 2038 τούς
338 1969 510 2044 ὀφθαλμοὺς
527 1969 618 2046 ἠρέμα
637 1971 817 2044 παραφέρειν
837 1968 869 2029 ἐν
888 1973 926 2047 τῷ
946 1973 1146 2043 διαφανλίζειν

125 2052 176 2107 καί
201 2051 363 2124 διασύρεινς
391 2054 522 2110 simililer
544 2053 617 2109 alius
639 2057 736 2124 poeta,
763 2053 886 2110 comicus
910 2053 1022 2108 Atticus
1046 2050 1146 2122 procul

128 2132 223 2202 dubio,
242 2137 429 2205 usurpaverat
442 2135 559 2191 verbum
572 2136 715 2203 σιλλαίνει,
736 2133 812 2202 quod
829 2133 1031 2204 grammaticus
1048 2131 1144 2187 nescio

127 2211 191 2282 quis
219 2214 305 2284 (apud
328 2213 410 2270 Phoc.
435 2213 512 2270 Suid.
536 2213 712 2269 Bachmanni
734 2215 791 2269 Ao.
817 2213 866 2271 Gr.
891 2216 903 2269 I
926 2230 954 2285 p.
974 2217 1040 2281 364,
1061 2217 1093 2268 19
1118 2230 1143 2268 v.

126 2296 276 2362 σιλλαίνεις
295 2293 388 2351 Schol.
407 2295 526 2350 Luciani
545 2295 682 2351 Promoti.
699 2296 727 2363 8)
739 2295 953 2365 interpretatus
972 2296 1015 2349 est
1032 2294 1146 2363 μολλαί-

126 2390 186 2428 νει·
214 2371 264 2430 διὰ
290 2377 346 2430 τῶν
375 2369 535 2446 ὀφθαλμῶν
564 2371 686 2430 σκώπτει
713 2373 762 2430 καί
793 2376 923 2445 μνλλίζει.
965 2373 1002 2429 ad
1030 2371 1145 2428 bertium

126 2451 363 2525 glossographum
390 2453 465 2510 redii
492 2453 643 2525 originatio
671 2470 744 2523 quae
769 2453 875 2526 legitur
902 2454 979 2525 apud
1000 2452 1146 2509 Pollucem

128 2533 155 2586 II
174 2537 209 2588 54
229 2536 258 2589 et
275 2535 305 2590 in
323 2535 416 2606 Elym.
435 2535 529 2606 Magn.
549 2553 577 2604 p.
592 2535 659 2602 ‘'113,
680 2539 726 2602 10,
750 2551 784 2590 ex
802 2553 859 2604 qua
881 2535 1032 2590 σιλλαίνειν
1053 2534 1096 2588 eei
1114 2530 1147 2586 τὸ

128 2607 176 2666 ἐπί
194 2615 341 2685 χλευασμῷ
357 2615 445 2670 σείειν
459 2610 527 2677 τοὺς
540 2615 633 2678 ίλλοος
648 2615 676 2684 (i.
691 2631 714 2670 e.
730 2613 797 2679 τοὺς
810 2611 990 2686 ὀφθαλμοὺς)
1010 2611 1029 2668 i.
1044 2629 1067 2668 c.
1083 2614 1145 2667 δια-

128 2687 225 2762 σύρειν
252 2695 290 2768 τῷ
317 2689 439 2764 σχήματι
463 2697 519 2750 τοῖν
545 2690 705 2765 ὀφθαλμῶν
733 2695 780 2750 vel
806 2695 964 2768 στραβίζειν
990 2693 1035 2764 (cf.
1060 2693 1145 2748 eliam

126 2771 248 2842 Hesych.
264 2792 289 2830 v.
305 2776 457 2830 σιλλαίνειν
472 2777 501 2832 ct
515 2774 591 2832 sud.
607 2794 632 2831 v.
648 2777 788 2845 σιλλαίνω,
802 2775 851 2830 ubi
864 2777 968 2837 ίτπονς
983 2775 1146 2843 corruptum

128 2853 284 2922 exiliens)

135 2979 137 2983 ψ
200 2943 227 3011 2)
247 2940 287 2998 Of.
307 2939 408 2997 Pollux
427 2943 466 2998 IX
486 2948 537 2998 148
557 2946 704 3017 κωμῳδεῖν
725 2987 730 2998 .
748 2985 754 2997 .
771 2985 776 2999 .
796 2939 1015 3014 ποιητικώτερον
1040 2938 1071 2996 τὸ
1092 2945 1145 2996 σιλ-

127 3022 237 3077 λαίνειν
251 3022 300 3077 καί
315 3023 427 3092 σιλλοῦν
441 3022 490 3077 καί
503 3025 679 3091 διασιλλοῦνς
694 3023 816 3095 Hesych.
831 3042 856 3080 v.
872 3024 1038 3089 σιλλαίνεινς
1058 3022 1145 3090 Phry·

127 3101 212 3171 nich.‚
229 3103 305 3171 coph.
320 3119 418 3173 praep.
438 3121 465 3172 p.
486 3107 580 3171 36,19
602 3122 625 3160 v.
645 3104 816 3160 διασιλλοῦν.

200 3193 228 3258 3)
249 3189 289 3245 of.
304 3189 425 3261 Hesych.
444 3211 471 3248 v.
486 3187 576 3255 σιλλός
594 3194 624 3248 et
643 3191 718 3249 Snid.
738 3210 764 3247 v.
780 3192 917 3248 σιλλαίνει
935 3193 965 3246 el
984 3191 1076 3247 Schol.
1091 3190 1145 3244 Ln-

129 3269 204 3338 ciani
222 3271 356 3333 Ριοοιιλίι.
374 3276 404 3326 8:
429 3267 520 3334 σιλλὸς
538 3273 633 3344 μῶμος
656 3275 707 3329 καλ
729 3273 883 3342 νανολογία
905 3270 956 3328 καί
977 3266 1145 3342 χλευασμόςς

128 3349 246 3420 Aeliam,
261 3368 319 3406 oar.
334 3352 396 3407 λαἰλ.
411 3351 451 3406 ΙΙΙ
465 3358 499 3409 40
518 3348 568 3408 τὸν
587 3355 678 3409 σίλλον
696 3352 790 3423 μόνον
808 3351 920 3423 λέγουσι
939 3348 1009 3422 μετὰ
1028 3351 1147 3414 παιδιᾶς

129 3430 316 3501 δοσαρὲστοος
336 3431 413 3488 Suid.
432 3451 458 3489 v.
479 3434 575 3496 σίλλος.

328 2853 336 2865 ἱ

287 2897 293 2910 Ι

201 3524 229 3591 4)
254 3520 362 3578 Cratini
382 3516 510 3591 Ἀρχίλοχ.
530 3522 562 3578 fr.
584 3527 617 3577 14
635 3521 720 3577 Mein.
740 3520 812 3577 Com.
833 3519 882 3577 Gr.
901 3519 928 3575 II
947 3538 975 3591 p.
995 3525 1042 3589 243
1061 3520 1095 3576 fr.
1113 3525 1145 3576 12

127 3601 216 3660 Kock.
237 3605 310 3660 Gom.
329 3601 387 3660 Au.
408 3602 465 3673 lp.
487 3607 528 3658 15.
1155 3621 1159 3628 ·
