2548 4004
491 241 533 250 .,
580 203 711 268 23..

83 369 256 428 secundum
282 369 448 429 stoicorum
466 368 635 436 doctrinam
653 367 812 444 φαντασίαι
822 360 847 450 ¹)
867 399 909 410 -·-
930 367 1107 446 exiguntur:

83 466 240 544 quidquid
263 467 383 528 varium
406 484 524 542 semper
542 469 573 526 et
590 465 751 542 mutabile,
774 484 854 524 nunc
873 470 957 526 certa
976 465 1109 543 quadam

82 562 207 624 ratione
226 582 307 634 nunc
326 563 388 622 alia
405 567 614 640 comparatum
632 581 696 622 esse
715 563 849 641 videtur,
873 581 971 640 neque
995 563 1108 622 bonum

81 665 130 721 est
152 679 257 738 neque
286 661 444 737 divinum3·
464 661 516 720 sed
539 660 687 738 quidquid
709 681 805 720 unum
829 679 946 736 semper
967 660 1107 737 idemque

83 775 149 818 esse
174 759 386 836 cognoscitur,
410 758 524 818 bonum
546 761 577 818 et
602 758 747 818 divinum.
780 757 915 818 adhaec
939 777 1011 835 ergo
1036 758 1108 816 din'·

81 873 196 932 gamus
221 856 423 934 cogitationes
447 859 478 915 et
500 856 626 916 affectus
655 859 774 916 nostros
797 871 918 914 necesse
942 857 989 912 est
1012 857 1043 912 et
1066 853 1108 912 sic

82 951 119 1012 iit
136 956 176 1012 ut
195 953 408 1012 nanciscamur
431 971 583 1013 summum
599 952 678 1012 illud
696 953 897 1030 scepticorum
915 951 1036 1027 bonum,
1054 943 1109 1027 τὴν

84 1043 259 1129 &epogdoa
296 1051 358 1110 iam
380 1050 477 1130 igitur
498 1051 697 1129 intellegitur,
721 1048 871 1126 quomodo
890 1067 980 1110 versu
1000 1051 1108 1124 quarto

84 1147 207 1208 dictum
233 1150 287 1210 sit:
310 1146 341 1222 ἐξ
359 1137 402 1210 ὧν
421 1142 551 1220 ἰσότατος
568 1148 678 1228 γίνεται
697 1141 784 1224 ἀνδρὶ
802 1146 876 1225 βίος.
914 1146 1018 1208 statim
1036 1164 1108 1206 vero

84 1246 116 1304 id
134 1265 264 1325 quoque
283 1246 450 1324 apparebit,
469 1263 523 1305 our
541 1243 679 1323 ἰνδαλμοί
695 1245 821 1304 carmini
840 1263 895 1304 suo
911 1241 1109 1321 inscripserit,

84 1361 148 1420 qua
173 1335 212 1404 de
238 1363 270 1404 re
292 1363 353 1404 non
371 1345 471 1404 solum
487 1343 586 1404 Nicol.
600 1335 767 1425 Bachius²)
789 1361 930 1419 perverse
952 1341 1109 1417 iudicavit,

83 1442 137 1500 sed
166 1461 271 1520 neque
299 1443 364 1518 ipse
393 1442 466 1502 clim
496 1461 525 1518 p.
552 1445 605 1518 11,
643 1439 786 1500 seductus
819 1439 953 1518 eleganti
983 1437 1110 1514 Bergkii

85 1540 269 1612 coniectura
288 1557 380 1616 quam
399 1556 491 1615 supra
507 1539 545 1598 ad
558 1539 625 1598 inl
643 1537 797 1616 adscripsi,
821 1556 918 1615 neque
937 1535 1109 1612 nuperrime
1152 1551 1168 1577 ⁰

85 1635 244 1697 Hirzelius
272 1657 300 1713 p.
325 1638 368 1697 54
395 1655 518 1714 prorsus
550 1640 644 1716 recte,
678 1653 862 1712 quamquam
895 1636 1013 1710 partem
1045 1633 1110 1710 veri

86 1739 222 1812 uterque
250 1734 395 1794 assecuti:
427 1753 498 1794 nam
529 1752 626 1811 neque
655 1734 754 1792 solnm
786 1732 822 1814 de
851 1731 935 1790 falsis
964 1734 996 1790 et
1022 1731 1109 1791 vanis

86 1832 278 1911 imaginibus
302 1849 379 1908 quae
403 1832 434 1890 in
453 1834 591 1891 nostrum
609 1827 922 1890 animum'inourrunt
940 1827 1017 1888 dixit
1034 1828 1109 1904 Pyr·

87 1930 184 2008 rhon,
208 1928 291 2007 quod
314 1948 370 2007 ego
394 1929 503 2005 statui,
531 1947 629 2006 neque
659 1929 758 1988 solum
786 1927 926 1988 deveris
954 1929 985 1986 et
1011 1926 1109 2004 iustis,

86 2027 174 2103 quod
194 2025 346 2085 Hinelius
364 2026 471 2112 voluit,
496 2025 548 2085 sed
566 2026 711 2087 tractavit
730 2023 833 2084 ambas
853 2024 1016 2102 docuitque
1036 2043 1109 2101 quo-

88 2241 180 2296 aelius
202 2259 232 2310 p.
251 2245 299 2308 583
325 2239 412 2298 stiam
434 2239 526 2295 minue
547 2239 663 2309 probari
685 2241 780 2309 potest
803 2239 879 2306 quod
903 2237 1016 2308 scripsit
1032 2237 1109 2292 idem

90 2339 116 2390 p.
136 2328 189 2376 θοι
215 2319 274 2375 ‘dia
295 2314 439 2390 Ἰνδαίμοί
459 2336 553 2374 waren
576 2319 663 2373 daher
681 2318 743 2373 eine
763 2317 889 2373 ethische
909 2315 1022 2385 Schrift,
1042 2317 1112 2372 aber

88 2400 174 2455 nicht
198 2399 228 2454 in
251 2400 316 2454 dem
335 2399 433 2466 Sinne,
457 2393 522 2454 dass
546 2399 587 2456 sie
610 2398 656 2454 die
675 2399 780 2453 letaten
797 2396 956 2468 Principieu
974 2396 1024 2452 der
1043 2395 1111 2451 Sitt-

90 2477 214 2534 lichkeit
238 2480 407 2546 erdrtertem
435 2477 486 2533 das
513 2477 590 2534 blieb
614 2479 736 2534 anderen
761 2479 903 2535 Schriften
925 2477 1110 2535 vorbehslten

90 2560 148 2614 und
177 2559 274 2614 wurds
301 2559 332 2614 in
362 2559 418 2615 den
442 2554 585 2628 ’Ivdulpol
610 2558 652 2613 als
680 2561 773 2630 μῦθος
800 2555 938 2629 ἀληθείης
965 2575 1110 2614 vorsus·

91 2637 290 2709 gesetzt'd)
318 2639 452 2708 (ceterum
480 2638 618 2708 quomodo
642 2641 735 2695 totum
758 2639 931 2696 enuntiatum
957 2638 1110 2710 Natorpius

90 2716 109 2772 1
129 2718 147 2774 i
168 2737 191 2774 s
210 2735 238 2788 p.
256 2725 310 2773 292
329 2719 490 2775 construere
507 2716 643 2789 voluerit,
662 2735 707 2774 ma
726 2719 817 2790 latet).

166 2800 196 2868 1)
216 2797 257 2854 Oi.
278 2797 439 2868 Natorpius
461 2797 574 2853 Forscd.
593 2815 616 2854 a.
636 2799 729 2855 Gesct.
748 2800 775 2855 d.
794 2799 1118 2868 Erkenntuicsprodtcms.

91 2897 119 2950 p.
139 2885 208 2945 289,
232 2878 282 2949 qui
304 2879 380 2933 recte
406 2877 724 2948 refutavit0Himelium,
748 2879 852 2934 Unters.
872 2879 911 2933 111
929 2897 956 2948 p.
976 2884 1010 2932 22
1035 2879 1110 2934 coni·

92 2959 225 3026 cientem,
244 2958 390 3014 'limonem
410 2956 552 3029 ivdutpciv
571 2958 687 3026 titulum
701 2975 716 3014 e
731 2957 908 3013 Democriteo
926 2957 1009 3012 huius
1027 2973 1110 3013 voca·

94 3038 154 3094 buli
170 3057 228 3106 ‚usn
247 3038 371 3109 petiisse.

165 3121 195 3186 9.)
220 3119 273 3173 Ille
296 3119 682 3189 qsmest.c1e9.epcc.lp.8
706 3117 819 3188 scripsit
841 3115 925 3171 haec:
955 3114 1111 3185 ‘ceromate

94 3197 242 3269 inscriptio
267 3197 391 3269 repetita
415 3213 475 3253 esse
498 3197 610 3253 videtur
632 3197 669 3253 ab
691 3197 863 3267 imaginibus
886 3196 946 3252 sive
968 3196 1111 3265 parabolis

94 3291 166 3348 quas
192 3281 278 3349 poeta
300 3279 330 3332 in
352 3277 489 3332 auxilium
511 3277 625 3333 'vocavit
648 3279 685 3332 ad
707 3277 903 3349 parodioorum
926 3276 1111 3333 distichorum

97 3359 153 3414 vim
168 3357 389 3415 confirmandam
404 3357 579 3428 aliorumque
592 3357 825 3429 philosophorum
839 3357 973 3427 dogmata
987 3357 1021 3412 ds
1031 3357 1111 3412 seriis

97 3438 125 3494 in
143 3438 266 3495 ridicula
283 3439 519 3507 contorquenda’3
539 3437 660 3494 credidit
673 3435 747 3490 enim
761 3435 839 3491 nullo
854 3438 1019 3506 argumento
1033 3437 1112 3492 uisus

98 3519 147 3574 hos
171 3514 327 3588 ivdutpec'c
350 3533 412 3574 esse
436 3535 470 3575 ex
493 3518 601 3589 elegiae
623 3515 773 3587 parodioae
796 3516 872 3584 quod
895 3516 1033 3572 detexisse
1056 3515 1112 3569 sibi

97 3599 173 3656 visus
192 3601 236 3655 est
253 3614 363 3670 genere.
