2542 3996
92 234 364 277 rmum-mu
478 248 522 256 -
569 210 631 275 187
681 247 720 255 -

92 395 129 437 eo
145 375 228 454 qnod
241 374 323 436 haud
336 375 414 435 mele
430 393 509 435 nuno
526 365 573 455 (in
586 375 657 452 Lyn.
672 373 722 434 Gr.
737 374 808 434 edit.
824 374 974 453 querteH
988 395 1016 451 p.
1028 365 1107 457 259)

91 473 245 552 Bergkius
269 473 409 552 coniecit,
432 491 553 534 versum
570 472 658 531 illum
676 471 869 549 Hipponeum
890 472 1023 548 petitum
1046 489 1109 532 esse

92 591 130 633 ex
155 573 371 650 epigrammate
401 570 482 649 quod
507 569 545 629 eb
568 569 635 647 ipso
657 567 797 646 Hippone
821 568 1022 647 compositum
1045 587 1109 630 esse

91 673 200 730 nannet
221 667 358 730 Clemens
381 667 465 728 Alex.
488 669 634 746 protrept.
659 668 715 744 48,
744 666 796 726 sed
823 666 861 725 nb
890 666 950 726 elio
981 685 1041 744 quo
1069 667 1107 727 ed

91 767 254 829 ridendum
276 766 490 844 philosophum
512 765 628 825 foetum
651 782 714 825 esse
738 767 872 842 opponet.

393 1003 650 1061 FRAGMENTVM
669 1003 811 1059 DVBIVM

206 1219 215 1243 Ι
438 1138 536 1198 LXVI
559 1129 614 1220 <67
635 1129 768 1219 proeed.)

140 1241 243 1304 σιρος.
287 1303 290 1310 .

163 1344 314 1404 Tzetzee
331 1336 398 1419 περὶ
415 1341 474 1400 τῶν
492 1340 533 1413 εἰς
552 1337 605 1419 ph}
622 1333 723 1401 noveio
741 1359 788 1419 ep.
802 1341 987 1420 Bernhardy.
1007 1341 1108 1403 adnot.

93 1441 133 1501 ed
152 1441 244 1502 sohel.
265 1440 391 1518 Dionys.
409 1438 526 1518 Perieg.
544 1459 573 1516 p.
590 1440 676 1499 1010
699 1431 896 1517 σιλλογράφος
918 1435 951 1499 δὲ
969 1460 1012 1513 τις
1028 1433 1060 1500 τὸ
1079 1436 1109 1499 os

94 1531 141 1619 (id
165 1542 213 1598 est
234 1530 266 1599 τὸ
290 1553 318 1596 σι
340 1537 373 1596 in
399 1554 473 1598 voee
497 1526 578 1613 σιρός
605 1535 643 1594 eb
672 1536 795 1614 optimis
825 1536 1023 1615 scriptoribus
1046 1556 1109 1598 eor-

93 1625 232 1716 reptum)
251 1627 364 1714 μακρὸν
382 1627 500 1714 γράφει,
518 1627 529 1711 ΙΙ
544 1635 585 1717 τῷ
609 1625 738 1714 (correxi
760 1652 815 1711 pro
834 1627 880 1713 st)
899 1632 941 1714 ῥῶ
960 1633 1046 1695 δοκεῖ
1059 1655 1111 1711 μοι

92 1734 179 1796 τοῦτο
203 1723 338 1811 pontivos
355 1726 442 1811 τάχει.
460 1726 472 1810 A
494 1726 688 1810 σιλλογράφος
706 1732 764 1791 νῦν
782 1723 990 1810 ὁΞενοφᾶνης
1004 1724 1108 1812 (Zeno-

94 1826 196 1910 φᾶνης
219 1821 299 1912 eod.)
323 1826 381 1890 ἐστὶ
402 1824 453 1889 καὶ
476 1820 492 1890 ὃ
518 1827 619 1906 Τίμων
640 1824 690 1888 καὶ
712 1824 811 1907 ἕτεροι.

380 2067 641 2124 FRAGMENTVM
663 2067 826 2125 SPVRIVM

430 2201 544 2262 vass
567 2193 624 2282 (66
643 2194 776 2284 proeed.)

162 2325 383 2387 Eustethius
402 2326 434 2385 in
448 2324 556 2404 Odyss.
572 2317 605 2407 (ὃ
619 2318 700 2408 450)
717 2327 844 2403 1505,2
866 2319 910 2387 ὅτι
927 2319 988 2398 τὰς
1007 2318 1111 2405 ὄψεις

96 2419 112 2489 ὅ
126 2417 228 2498 οἶνος
241 2425 370 2506 πλανᾷ,
385 2416 424 2495 ὥς
438 2439 513 2501 φησι
524 2422 634 2501 Τίμων,
644 2416 830 2502 inspitiens!
841 2443 901 2485 noo
915 2419 949 2484 ἐν
961 2427 1023 2496 τοῖς
1036 2420 1110 2504 ἑξῆς.

162 2522 247 2583 Hsee
279 2521 364 2582 addit
390 2519 571 2582 Eustethius
599 2525 762 2602 postquem
788 2522 946 2584 Menendri
975 2522 1111 2585 versibus

97 2641 133 2682 ex
156 2621 314 2681 Athenaeo
337 2619 366 2680 X
387 2640 416 2696 p.
440 2620 519 2679 442ο
542 2618 645 2681 allatis
673 2618 726 2680 sed
753 2639 791 2680 ne
813 2624 896 2682 reete
923 2620 1045 2699 quidem
1067 2620 1112 2679 in·

96 2718 229 2780 telleotis
253 2717 351 2778 ebrios
370 2716 429 2778 sibi
446 2708 672 2792 πολυκεφάλους
697 2715 794 2778 videri
817 2715 1023 2778 demonstrare
1046 2723 1109 2778 stu·

97 2815 174 2878 duit.
211 2834 246 2876 es
265 2833 283 2875 s
302 2815 426 2876 Tim0ne
447 2813 648 2874 abiudioends
671 2831 736 2874 esse
759 2813 874 2875 dudum
896 2816 999 2876 nullus
1023 2815 1109 2875 dubi-

96 2913 176 2975 tsvi:
205 2911 258 2972 sed
281 2911 335 2971 din
357 2911 442 2989 origo
465 2910 588 2988 permiri
611 2911 721 2971 erroris
743 2931 791 2971 me
814 2911 1025 2990 haginoense
1047 2912 1110 2972 vidi

97 3009 258 3088 paululum
279 3009 360 3068 inim
383 3008 464 3087 epod
482 3007 673 3069 Athenaeum
690 3008 718 3067 X
736 3029 764 3086 p.
783 3011 862 3069 445ο
885 3013 955 3086 post
978 3009 1111 3071 Timonis

97 3109 154 3186 hg.
178 3105 335 3166 XXXXVI
362 3105 443 3184 quod
470 3106 570 3182 ipsum
593 3125 629 3166 ex
653 3106 784 3183 epitome
807 3106 931 3166 iteravit
952 3106 1111 3184 episeopus

99 3197 141 3286 (v.
161 3195 268 3284 supro)
291 3203 365 3264 heeo
387 3202 479 3263 verbe
502 3203 616 3280 seripte
638 3220 715 3263 esse:
739 3195 783 3263 ὅτι
806 3198 838 3263 δὲ
861 3196 893 3264 τὸ
916 3196 1040 3282 μεθύειν
1062 3200 1113 3263 καὶ

98 3295 148 3374 τὰς
176 3294 262 3378 ὄψεις
288 3293 375 3380 ἡμῶν
401 3301 514 3384 πλανᾷ,
541 3301 645 3376 σαφῶς
671 3297 781 3372 ἔδειξεν
799 3292 973 3379 Ἀνάχαρσις
1001 3291 1043 3359 δι’
1070 3288 1113 3361 ὧν

99 3397 203 3478 εἴρηκε.
249 3397 453 3472 somnolentis
479 3397 576 3475 igitur
603 3397 668 3458 soln
690 3397 847 3458 Euststhii
869 3397 985 3459 foetum
1008 3401 1113 3460 estut

102 3496 235 3558 him0nis
258 3513 367 3556 nemen
390 3499 481 3556 entes
503 3495 616 3556 loetum
639 3495 732 3554 etiem
756 3495 795 3555 ed
812 3495 888 3556 haee
904 3494 998 3557 verbs
1014 3499 1112 3555 trene-

101 3595 194 3656 serret
216 3585 314 3672 (quod
336 3609 409 3653 sene
431 3589 627 3652 eonieotendo
651 3591 771 3669 assequi
793 3609 881 3652 nemo
904 3583 1030 3672 potuit).

501 3711 713 3721 ..ι-,φῇ-
