2542 3996
78 230 285 273 ruxxxxvm
474 239 512 249 —
561 202 626 268 165
674 239 712 248 -

78 372 196 433 mentio
219 370 256 432 fit
273 371 367 448 nulla,
390 371 494 447 itaque
511 369 611 429 multo
630 365 818 447 probabilius
840 369 989 430 statuitur
1007 374 1098 431 antea

80 471 118 531 de
141 470 237 530 isdem
255 467 491 529 Atheniensibus
518 467 637 544 patriae
662 466 818 546 religionis
841 467 1011 529 vindicibus
1034 487 1095 529 ser·

80 587 202 630 monem
224 568 319 628 fuisse
343 584 435 645 quam
457 565 494 624 de
512 563 660 643 Ephesiis.
698 565 876 625 crediderim
894 565 991 644 igitur
1008 571 1099 628 antea

80 671 240 728 uenatum
263 683 327 725 esse
346 663 559 742 Anaxagoram
577 660 705 723 Athenis
721 663 923 740 Lampsacum
941 665 1097 742 aufugisse

82 785 101 826 a
118 763 245 824 Periclis
268 761 448 824 adversariis
472 764 656 840 accusatum,
680 762 762 841 quod
783 759 985 839 reipublicae
1004 762 1098 822 Athe-

81 862 180 923 niensi
203 860 355 921 contraria
377 858 415 919 de
435 855 482 919 dis
501 859 635 920 sentiret.
650 891 691 900 —
706 859 803 938 ipsius
822 877 893 921 vero
911 858 1098 939 Protagorae

81 963 301 1038 circumspecta
318 957 481 1036 prudentia
499 975 568 1016 cum
586 957 747 1034 permultis
765 955 865 1018 verbis
883 956 932 1017 hio
946 958 1099 1037 efferatur,

81 1061 186 1136 inepte
214 1056 362 1132 scriptum
389 1058 437 1114 est
458 1045 520 1114 οὔτ’
546 1047 766 1137 ἆλιγυγλῶσσῳς
792 1056 921 1133 pessime
944 1056 1023 1115 enim
1047 1054 1097 1114 de·

80 1156 222 1234 pingitur
235 1154 324 1213 homo
338 1151 533 1212 cautissimus
547 1152 648 1212 omnia
662 1153 744 1212 clara
757 1173 830 1214 voce
844 1154 986 1230 clamans,
1004 1153 1095 1212 immo

82 1250 244 1332 fingendus
274 1253 340 1309 erat
367 1250 428 1309 leni
454 1268 528 1310 voce
554 1253 585 1310 et
608 1250 794 1310 subobscura
816 1251 956 1328 loquens:
980 1268 1040 1328 qua
1063 1250 1099 1308 de

83 1369 179 1412 causa
196 1348 303 1408 Kornii
326 1342 391 1408 οὔτε
413 1340 600 1430 icycyioioop
618 1347 727 1425 recepi.

150 1447 255 1507 Ittiam
273 1446 327 1504 alii
341 1435 455 1526 (Laert.
470 1445 558 1525 Diog.
572 1445 617 1505 IX
631 1447 683 1522 51,
703 1443 761 1505 Cic.
781 1446 817 1504 de
836 1451 897 1506 net.
917 1447 997 1506 deor.
1016 1446 1031 1505 I
1048 1447 1098 1524 23,

83 1549 140 1624 633
163 1544 340 1605 Philostrat.
362 1543 415 1604 vit.
440 1544 564 1621 sophist.
588 1544 603 1603 I
625 1546 678 1620 103
701 1543 811 1602 Euseb.
833 1563 936 1622 praep.
960 1563 1004 1605 ev.
1028 1543 1100 1604 XIV

85 1647 126 1708 19
152 1635 206 1726 al.)
252 1646 395 1719 proptera
428 1642 509 1718 quod
539 1640 627 1700 initio
656 1641 726 1699 libri
754 1641 802 1699 sui
829 1642 865 1700 de
889 1641 935 1700 dis
959 1641 1016 1700 sibi
1038 1659 1098 1700 non

80 1744 200 1820 liquere
215 1739 341 1799 dixisset
355 1739 392 1798 ab
407 1737 644 1799 Atheniensibus
654 1739 854 1818 Protagoram
868 1740 1101 1799 exterminatum

82 1841 211 1916 eiusque
237 1837 332 1896 libros
355 1834 527 1895 combustos
550 1854 614 1895 esse
640 1841 773 1896 narrant.
820 1837 902 1896 solus
925 1841 1027 1896 tamen
1051 1836 1100 1894 Ti·

82 1955 155 1996 mon
178 1936 318 1993 accurate
340 1933 435 1993 refert
452 1933 651 2012 Protagoram
669 1938 740 1994 ante
762 1934 849 1994 litem
868 1935 907 1994 ad
924 1933 1014 1993 finem
1031 1951 1099 2011 per·

84 2035 209 2092 ducum
232 2033 270 2090 ut
291 2029 397 2089 mortis
420 2031 549 2089 multam
568 2031 751 2091 evitaretur
770 2031 895 2092 arbitrio
913 2032 1029 2110 fugisse
1048 2023 1100 2111 (cf.

83 2130 202 2192 Krisch.
222 2129 242 2186 l.
261 2128 281 2186 i.
300 2145 322 2186 s.
340 2147 369 2205 p.
391 2119 479 2209 140).
519 2128 642 2188 initium
664 2129 765 2206 ipsum
787 2130 988 2189 clarissimum
1011 2129 1101 2205 quale

83 2228 181 2288 fuerit
208 2225 408 2286 multifariam
430 2225 590 2285 traditum:
620 2227 718 2304 quode
741 2227 912 2286 accuratius
934 2225 1100 2302 Krischius,

85 2325 220 2401 theolog.
243 2342 271 2398 p.
299 2323 359 2382 132
385 2339 428 2401 sq.
452 2324 599 2400 exposuit.
646 2325 698 2383 sed
728 2323 928 2400 probabiliter
954 2324 1102 2382 statuitur

85 2423 167 2482 inter
199 2420 328 2480 formam
359 2440 378 2480 a
410 2420 502 2480 Sexto
535 2422 660 2481 allatam
692 2425 724 2480 et
753 2420 887 2479 Timonis
918 2419 1102 2480 mentionem

85 2519 248 2580 discrimen
277 2518 397 2576 nullum
422 2519 620 2596 interceder03
651 2539 750 2597 neque
777 2538 912 2597 unquam
938 2519 1037 2578 solum
1064 2518 1101 2577 de

84 2621 200 2678 natura
228 2614 354 2675 deorum
381 2615 536 2676 dubitasse
563 2617 675 2677 dicitur
702 2617 898 2695 Protagoras,
930 2616 983 2676 sed
1010 2616 1102 2676 etium

85 2715 215 2776 dirersis
244 2714 340 2774 modis
366 2733 493 2792 negasse
521 2715 595 2792 sint,
621 2733 682 2774 non
705 2715 766 2775 sint
788 2715 917 2793 liquere:
948 2716 1054 2792 itaque
1077 2710 1108 2772 εἴ

83 2832 161 2885 τινες
189 2833 217 2872 v.
242 2813 260 2872 b
289 2831 358 2870 cum
386 2811 524 2872 Bekkero
551 2812 673 2872 correxi.
704 2843 742 2854 -
772 2833 800 2873 v.
825 2814 844 2871 8
872 2805 988 2889 ψυχρὸς
1014 2804 1104 2882 πότος

85 2917 133 2972 est
153 2911 264 2988 cicuta,
287 2928 365 2987 quae
384 2910 495 2970 hausta
512 2909 646 2970 membre
664 2911 776 2989 frigida
794 2909 901 2987 reddit,
923 2912 960 2967 ut
980 2927 1016 2967 ex
1033 2908 1103 2967 Pla·

84 3011 167 3070 tonis
192 3010 350 3086 praeclara
370 3009 543 3068 narratione
568 3009 707 3069 omnibus
729 3011 844 3067 notum.

154 3103 298 3165 Ceterum
319 3109 430 3166 notatu
447 3105 583 3184 dignum,
606 3105 761 3166 Socratem
779 3105 877 3164 multo
895 3102 1016 3161 demum
1033 3105 1104 3179 post

85 3204 273 3282 Pnotagorae
310 3204 416 3281 fugam
447 3204 555 3280 cepitis
592 3204 769 3263 damnatum
801 3218 878 3282 essee
915 3203 948 3259 at
979 3199 1102 3258 minime

85 3298 295 3360 contenderim
314 3299 471 3359 Timonem
493 3299 594 3376 ipsum
616 3305 755 3377 tempora
777 3297 956 3376 confudisse,
979 3296 1032 3356 sed
1050 3315 1102 3374 ap·

85 3398 192 3475 posuit
219 3396 277 3456 iste
306 3398 404 3456 solum
431 3398 623 3459 notissimum
651 3403 683 3458 et
706 3399 796 3475 plane
825 3395 979 3475 geminum
1000 3394 1104 3473 poculi

86 3497 172 3554 illius
185 3495 337 3554 mortiferi
351 3497 522 3572 exemplum
532 3489 578 3576 (id
592 3497 673 3573 quod
687 3499 768 3555 recte
779 3495 841 3554 iam
849 3494 976 3573 Probus,
986 3496 1103 3571 quaest.

86 3591 211 3671 Ptotag.
234 3611 263 3669 p.
289 3595 330 3652 62
363 3593 517 3670 perspexit
546 3597 578 3653 et
609 3597 714 3652 contra
741 3591 917 3653 Herbstium
945 3580 1103 3668 defendit).
