2544 3998
90 181 140 223 rr.
153 181 254 222 mur.
267 181 331 222 xxv
483 191 524 200 -
573 150 636 220 129
684 193 726 200 —

91 325 213 400 tantur,
236 339 306 380 oum
329 319 582 399 originationibus
604 318 689 379 illius
712 319 805 380 verba
824 321 892 399 ipsa
913 342 1037 400 prorsus
1061 326 1111 386 de-

91 419 150 482 leri
178 420 246 480 visa
274 419 343 479 sint.
388 419 479 495 plane
501 436 572 479 roro
595 436 656 476 non
685 435 828 497 assequor
850 420 1046 484 Duebnerum
1074 425 1112 485 ad

92 517 220 579 Anthol„
247 516 312 576 Pal.
341 517 360 576 l.
384 533 406 576 s.
434 516 508 576 haee
540 514 732 576 scribentem:
766 510 893 577 ‘molae
925 519 996 582 Assi
1028 523 1111 584 urbIs

93 615 204 694 respioi
219 615 376 691 videntum
393 632 464 674 nam
482 631 519 673 er
537 613 594 672 liar
612 612 688 672 urbe
705 611 813 674 Perses
832 615 969 676 triticum
986 621 1111 696 petiisse

93 715 125 774 in
138 733 231 776 usum
250 731 340 773 suum
358 712 445 773 testis
464 715 511 772 est
525 711 635 771 Strabo
649 711 705 770 XV
723 731 753 787 p.
770 705 859 790 735'3
882 713 936 772 ubi
954 720 1009 777 aut
1028 737 1111 795 egre-

93 810 143 894 gie
173 811 266 872 fallor
294 814 349 871 aut
376 807 610 870 intolerabiliter
640 808 738 869 latina
770 827 840 869 oum
868 829 978 888 graeoa
1005 815 1112 894 lingue

92 910 220 972 confusa
243 911 298 968 est.

159 1006 300 1084 Denique
323 993 416 1081 ὅλμον
433 1003 588 1064 Iaoobsius
612 1002 651 1063 ad
669 1003 792 1065 Anthol.
807 1005 905 1068 Palat.
920 1008 939 1067 l.
955 1026 978 1069 s.
993 1011 1051 1071 vol.
1065 1012 1113 1072 HI

93 1097 192 1186 (lips.
218 1095 319 1184 1817)
346 1124 375 1180 p.
401 1103 463 1162 705
493 1101 615 1180 putarit
642 1099 819 1164 Cleanthem
847 1105 906 1165 diei
934 1106 972 1167 ob
999 1109 1114 1187 ingenii

93 1202 240 1263 duritiem
259 1203 291 1260 et
307 1199 470 1260 laborem
488 1198 725 1259 indefessum:
748 1202 830 1279 quod
847 1205 947 1266 neseio
963 1207 1113 1284 quomodo

95 1303 253 1362 assecutus
271 1298 321 1359 sit
358 1297 463 1375 aliqua
482 1316 518 1356 ex
535 1300 622 1374 parte
640 1297 735 1374 probo
754 1300 941 1362 Meinelrium
958 1304 991 1363 in
1008 1304 1113 1382 philol.
1160 1287 1162 1292 ’

93 1398 169 1459 XIII
192 1419 221 1475 p.
241 1397 321 1473 535,
349 1395 403 1472 qui
429 1394 582 1455 hominem
608 1395 789 1474 languidum
816 1399 980 1478 signilloari
1004 1404 1114 1464 statuit

93 1497 206 1557 collato
229 1492 422 1554 Artemidoro
446 1491 579 1553 Oniroor.
602 1492 698 1552 1142
726 1485 802 1574 (non
824 1497 876 1574 47,
900 1499 987 1559 ouius
1010 1504 1113 1562 tamen

93 1592 308 1672 interpretatio
331 1590 438 1666 opinor
460 1591 556 1650 solam
577 1607 642 1649 rem
664 1609 825 1651 veneream
847 1590 1026 1677 spectarit);
1050 1616 1113 1659 esse

94 1692 176 1752 enim
194 1685 288 1769 ὅλμον
306 1687 351 1750 ait
368 1687 532 1766 imaginem
552 1681 649 1748 ‘einer
662 1689 805 1764 passivsn
824 1687 1011 1752 Znstandes'.
1044 1714 1114 1755 nam

94 1793 163 1866 post
195 1787 283 1860 λίθος
303 1781 421 1858 Ἄσσιος
451 1787 551 1863 posito
582 1785 732 1847 vocabulo
760 1780 849 1866 ὅλμος
877 1806 948 1848 sane
976 1793 1115 1852 mortarii

94 1888 179 1948 notio
202 1887 301 1946 inesse
324 1884 454 1962 ridetur,
477 1885 522 1944 ita
544 1887 646 1944 temen
669 1889 705 1944 ut
728 1889 760 1946 et
782 1885 897 1965 ingenii
915 1886 1043 1949 durIties
1061 1909 1114 1950 no·

94 1989 179 2046 tetur
202 1988 235 2044 et
256 1982 380 2062 ignavia
403 2001 439 2042 ex
461 2001 520 2060 qua
538 1981 616 2040 nihil
635 1999 690 2042 sua
709 1987 815 2060 sponte
833 1989 997 2065 perpetret,
1015 1989 1115 2048 solum

93 2081 213 2160 pistillo
238 2080 360 2140 aliunde
383 2080 478 2140 allato
502 2078 620 2157 aliquid
642 2081 752 2140 valeat.

160 2178 306 2240 Getarum
328 2177 491 2238 manifesta
513 2177 545 2236 in
567 2170 656 2255 ὅλμος
678 2171 803 2255 ἄτολμος
825 2179 1041 2239 annonimatio.

445 2479 529 2539 XXV
553 2469 610 2559 (65
634 2471 768 2561 proeod.)

162 2591 305 2676 εἰκάζων
325 2597 362 2663 τί
380 2595 506 2678 bitrem
531 2593 647 2681 ὀλύγον
669 2595 775 2683 κρέας,
799 2592 898 2664 ὀστέα
921 2597 1039 2666 πολλά.

162 2797 253 2840 rusr.
269 2778 428 2840 Galenus
443 2780 482 2840 ad
495 2779 639 2857 Hippoor.
654 2779 780 2857 epidem.
795 2780 863 2840 libr.
873 2781 929 2858 VI3
944 2785 1016 2844 tom
1029 2783 1116 2844 XVII

95 2883 174 2957 part.
193 2877 210 2937 I
232 2898 261 2955 p.
282 2879 345 2939 989
367 2878 468 2938 thn.
492 2869 702 2960 (Hippocratis
729 2872 926 2961 interpretes)
953 2880 1117 2952 πολυειδῶς

187 2970 340 3057 γράφουσι
371 2974 421 3036 παλ
453 2975 601 3056 διαιροῦσι
624 3024 630 3035 .
651 3024 657 3036 .
679 3025 684 3036 .
705 3025 710 3036 .
734 2971 786 3049 τὰς
815 2975 950 3048 πλείστας
977 2968 1117 3058 (ῥήσεις),

95 3065 311 3156 ἐξηγησάμενοι
338 3075 423 3136 τοῦτο
450 3067 483 3135 τὸ
511 3073 628 3153 βιβλίον
654 3066 865 3155 (Hippocratis
894 3064 1048 3154 spidem.)‚
1077 3065 1118 3146 ὡς

97 3163 250 3250 ιἰπορῆσαί
280 3162 402 3252 (scripsi
434 3191 490 3250 pro
522 3165 718 3254 ἆπορρεῦσαλ)
751 3193 817 3232 τινα
843 3173 903 3230 τῶν
930 3166 978 3230 ἐπὶ
1004 3163 1039 3230 τὰ
1066 3173 1119 3250 τῆς

95 3265 200 3350 τέχνης
228 3265 299 3350 ἔργα
326 3264 523 3332 σπευδόντων.
571 3267 731 3347 φαίνονταί
749 3289 827 3342 τινες
849 3270 946 3328 ποιεῖν
969 3261 1041 3348 ὅπερ
1067 3269 1115 3330 Τί-

99 3387 165 3446 μων
187 3358 282 3428 εἶπεν·
307 3362 452 3442 «εἰκάζων
475 3399 518 3410 -
541 3360 666 3430 πολλά».
762 3361 768 3372 ’

166 3546 417 3608 contraversum
443 3565 523 3608 nuno
550 3546 662 3624 reliqui
689 3544 790 3623 qualis
818 3545 933 3625 legitur
955 3547 986 3606 in
1010 3545 1117 3606 editio·

154 3653 262 3704 corpure.
276 3653 308 3695 ut
887 3650 903 3697 9
