2544 3998
557 216 776 280 -94-
899 215 961 294 J
1049 236 1177 280 rruorrs

159 374 236 442 δηρῆ
255 371 336 442 Diog.
355 371 455 440 H¹P¹‚
474 370 568 442 θήρην
588 371 670 442 Diog.
690 371 716 428 G
739 373 743 441 Ι
769 366 903 442 ὀαριστήν
921 371 1004 442 Diog.
1026 371 1060 440 G,
1080 368 1096 426 ὁ
1115 367 1177 440 ύρι·

158 461 226 530 στην
244 459 326 532 Diog.
345 463 414 516 ΡΗ

158 574 372 586 ..ι-..ψ-

227 649 323 690 oomn.
354 629 425 689 Sine
448 627 585 706 exemplo
608 627 637 686 h.
661 629 680 686 l.
705 626 882 689 adiectiyi
909 632 1053 688 naturam
1075 628 1177 689 induit

158 720 238 806 γύης.
285 728 321 787 do
348 728 474 805 magieis
502 726 694 804 Pythagorae
727 725 843 785 artibus
875 728 997 803 praeter
1028 745 1065 784 ea
1098 745 1175 804 quae

158 823 340 884 Plutarchus
369 826 434 884 loeo
463 841 555 900 supra
578 823 726 900 exscripto
751 825 858 883 attulit
880 823 1017 884 narravit
1043 825 1176 902 permira

158 921 360 982 Nicomachus
375 921 457 998 apud
465 921 677 997 Porphyrium,
689 919 725 980 de
734 921 864 1000 Pythag.
876 919 896 997 ἓ
908 923 1038 982 23—25
1055 925 1087 982 et
1096 923 1175 981 Iam·

158 1019 285 1097 blichus‚
299 1021 353 1080 vit.
368 1019 456 1096 Pyth.
470 1020 600 1079 60-62
617 1011 669 1100 (ef.
684 1037 760 1078 mus.
775 1018 868 1080 Rhen.
883 1019 999 1078 XXVII
1010 1041 1039 1097 p.
1052 1023 1093 1080 29
1103 1010 1175 1101 οη),

159 1121 251 1193 atque
274 1117 336 1175 iam
354 1117 488 1177 Timonis
512 1120 612 1176 aetate
634 1116 708 1175 satis
731 1134 889 1176 commune
911 1117 1006 1177 fuerit
1028 1117 1176 1176 iudicium

157 1214 248 1291 illud,
278 1214 359 1290 quod
386 1214 423 1273 de
452 1233 486 1273 eo
513 1213 625 1272 Micion
652 1213 685 1273 in
712 1213 840 1273 Luciani
868 1213 956 1274 Gallo
983 1214 1102 1290 profert
1128 1215 1175 1274 his

159 1310 259 1372 verbis
278 1305 370 1390 γόητύ
385 1327 459 1386 φασι
476 1308 527 1369 καὶ
544 1303 737 1390 τερατουργὸν
750 1304 802 1371 τὸν
820 1305 993 1390 ύνθρωπον.
1031 1312 1178 1372 audacter

159 1409 251 1468 etiam
273 1409 456 1469 vocabulum
474 1407 668 1467 Homericum
691 1400 841 1486 ὀαριστής,
865 1429 924 1487 quo
943 1409 1041 1468 Minos
1066 1410 1176 1470 descri-

157 1489 426 1584 bitur'tomquam
453 1497 668 1582 σννουσιαστὴς
690 1501 724 1564 ἐν
743 1499 843 1587 λόγοις
866 1525 902 1566 ex
923 1506 1177 1583 interpretatione

158 1603 357 1663 Ps-Platonis
376 1603 447 1662 Min.
467 1621 491 1662 c.
509 1604 549 1661 14
566 1623 594 1679 p.
611 1603 697 1680 319⁰,
720 1622 807 1664 nemo
826 1623 898 1665 vero
920 1608 1079 1682 praeterea
1101 1623 1177 1665 usus

158 1705 217 1779 est,
246 1702 354 1761 Timon
381 1701 537 1761 coniunxit
560 1717 629 1758 cum
652 1699 805 1760 abstracto
828 1702 949 1762 nomine
971 1700 1177 1780 σεμνηγορίης.

159 1799 240 1876 quod
258 1801 359 1877 ipsum
377 1799 503 1858 novavit
520 1801 556 1857 ut
572 1796 834 1875 Pythagoreorum
852 1797 1049 1876 symbolicam
1068 1798 1176 1858 dictio-

158 1918 227 1956 nem
250 1896 434 1974 signifioaret
457 1895 649 1955 oraculorum
677 1895 876 1955 sollemnitati
904 1896 1176 1973 aequiparandam:

158 1995 195 2052 of.
209 1992 362 2052 Plutarch.
374 1985 418 2073 (P)
443 1992 524 2070 apud
543 1991 625 2052 Stob.
640 1991 703 2052 flor.
718 1991 746 2048 V
762 1994 802 2052 72
827 1989 878 2051 καί
901 1986 961 2071 μὴν
984 1985 1074 2053 ούδέν
1097 1991 1176 2053 ἔστιν

159 2085 234 2150 ούτω
257 2092 308 2168 τῆς
330 2093 546 2171 Πυθαγορικῆς
569 2087 748 2166 φιλοσοφίας
771 2088 850 2150 ἴδιον
873 2082 913 2161 ὡς
930 2083 963 2150 τὸ
982 2085 1176 2169 συμβολικόν,

159 2181 224 2249 οἷον
238 2186 271 2248 ἐν
285 2191 380 2271 τελετῇ
399 2186 577 2269 μεμιγμένον
595 2183 745 2271 φωνῇκαὶ
763 2189 861 2268 σιωπῇ
880 2185 1070 2259 διδασκαλίας
1089 2185 1177 2268 γένος

252 2279 292 2358 ὡς
316 2279 372 2367 γδιρ
395 2278 412 2348 δ
435 2280 510 2359 ύναξ
533 2278 549 2347 ὁ
573 2283 606 2345 ἕν
625 2287 755 2362 Δελφοῖς
779 2279 846 2344 ούτε
869 2281 943 2365 λέγει
966 2279 1032 2346 ούτε
1054 2279 1177 2364 κρύπτει

158 2375 231 2443 ἆλλδι
250 2384 395 2462 σημαίνει,
414 2376 488 2442 κατὰ
506 2376 558 2444 τὸν
566 2374 767 2461 Ἡράκλειτον,
785 2375 861 2443 otro
876 2385 935 2442 τῶν
948 2385 1175 2464 Πυθαγορικῶν

159 2474 317 2558 συμβόλων
335 2478 384 2539 καί
404 2473 436 2541 τὸ
460 2474 627 2559 φράζεσθαι
646 2479 756 2540 δοκοῦν
774 2472 976 2558 κρυπτόμενύν
995 2478 1123 2562 ἐστικαὶ
1141 2477 1174 2544 τδ

157 2569 340 2652 κρύπτεσθαι
362 2571 535 2656 νοούμενον.
573 2581 707 2636 ceterum
730 2597 767 2636 ne
791 2576 848 2636 hoc
872 2577 994 2655 quidem
1016 2579 1174 2655 epitheton

158 2675 297 2734 acumine
316 2678 410 2751 caret3
429 2694 500 2734 nam
519 2678 550 2734 et
569 2674 749 2753 significatio
763 2674 849 2735 verbi
863 2675 1058 2755 σεμνηγορίης
1075 2676 1176 2737 tincto

159 2776 205 2831 est
219 2773 420 2832 affectationis
440 2777 471 2832 et
485 2772 697 2832 ostentationis
716 2772 839 2832 notione
854 2775 886 2831 et
899 2764 1036 2851 ὀαριστής
1050 2773 1175 2835 videtur

158 2870 264 2929 acerbe
280 2869 378 2929 dictus
394 2889 458 2930 esse
472 2870 672 2948 Pythagoras,
687 2869 760 2946 quia
774 2863 912 2948 ὀαριστύν
926 2870 1007 2929 idem
1021 2870 1174 2933 Homerus

157 2963 274 3032 5216.
295 2971 358 3029 217
383 2959 431 3050 (ἐν
455 2960 482 3027 δ’
506 2960 641 3043 ὀαριστύς
662 2962 666 3043 ί
685 2961 854 3045 πάρφασις,
875 2962 898 3045 η’
919 2961 946 3026 τ’
973 2965 1077 3046 ἔκλεψε
1101 2962 1174 3030 νόον

157 3059 238 3125 πύκα
256 3086 310 3144 περ
329 3057 531 3147 φρονεόντων)
556 3063 833 3124 confabulationem
856 3084 917 3142 qua
939 3065 1051 3142 aliquis
1070 3085 1173 3128 occae-

159 3167 227 3222 cata
249 3167 349 3222 mente
372 3163 527 3240 pellicitur
548 3181 612 3222 esse
636 3162 747 3238 voluit,
770 3157 825 3240 τὴν
842 3156 1090 3243 παραλογιστικὴυ
1109 3157 1173 3243 ὁμι-

157 3259 224 3318 λίαν
257 3260 321 3321 sive
354 3253 508 3338 διήγησιν,
540 3261 577 3317 ut
608 3258 723 3318 scholia
755 3263 787 3319 et
817 3258 946 3338 Hesyoh.
979 3281 1007 3321 v.
1037 3254 1174 3340 ὀαριστύς

158 3356 317 3433 explicant.

1257 807 1261 982 l
