2548 4004
486 225 527 232 ..
576 187 705 262 751...

78 369 146 410 non
167 351 404 412 Eratosthenem
432 352 567 428 appellet
594 345 701 434 (quam
729 353 962 432 discrepantiam
984 356 1029 416 ita
1051 376 1104 433 po·

80 448 158 510 teris
171 450 300 526 solvere,
319 454 356 510 ut
369 450 601 510 Eratosthenem
615 451 824 529 Theophrasti,
843 454 930 513 cuius
945 453 1105 530 disciplina

80 565 159 606 usne
188 551 257 607 erat
279 547 366 624 Bion,
394 547 509 606 dictum
532 548 684 626 quoddam
707 551 789 627 quod
810 550 939 612 Athenis
961 553 1027 630 ipse
1050 571 1103 612 au-

80 645 214 708 divisset
237 661 399 721 usurpasse
423 639 558 727 censens)
582 645 630 706 Ps.
651 646 842 706 Metrodorus
865 639 911 727 (rr.
934 641 1104 726 αἰσθήσεων

81 742 139 802 col.
174 735 248 823 XV)
281 743 336 820 qui
368 743 446 802 inter
476 743 671 820 physicorum
703 743 890 804 adversarios
922 745 1105 808 mentionem

80 840 160 900 facit
183 840 302 913 Βίωνος
328 843 381 902 τοῦ
405 834 479 900 κατὰ
505 835 697 919 Θεόφραστον
719 835 899 924 rc[pco']rov¹)
924 843 1105 919 φιλοσοφίαν

80 931 228 1010 ἀνθινοῖς
250 933 460 1017 κοσμήσαντος.
505 942 612 998 notum
634 958 706 1000 vero
730 932 809 1022 est²)
832 940 912 1000 inter
933 939 1106 1001 meretricie

79 1039 266 1096 ornamenta
297 1036 379 1114 apud
407 1035 536 1096 Graecos
569 1037 662 1098 fuisse
694 1038 890 1098 versicolores
922 1042 1034 1099 vestes:
1062 1038 1105 1096 eis

80 1133 183 1211 igitur
213 1152 283 1193 cum
314 1134 537 1210 philosophiam
571 1134 705 1194 induisse
737 1135 850 1194 dicitur
876 1135 967 1213 Bion,
1000 1135 1105 1194 acerbe

79 1230 319 1308 reprehenditur
345 1231 427 1308 quod
450 1233 633 1310 gravitatem
656 1232 832 1309 disciplinae
855 1232 973 1292 facetiis
997 1234 1124 1292 scurri-v

79 1327 165 1388 libus
193 1329 403 1406 protervisque
435 1333 465 1388 et
488 1329 612 1388 floribus
635 1330 861 1408 luminibusque
884 1350 900 1389 e
924 1349 1031 1390 scaena
1053 1349 1104 1407 pe·

79 1427 151 1486 titis
192 1430 224 1485 et
256 1425 439 1486 dictionibus
472 1427 629 1486 inurbanis
662 1426 813 1486 diminuit.
865 1431 957 1504 atque
988 1428 1020 1486 in
1050 1428 1106 1486 hac

79 1523 209 1601 quidem
239 1523 470 1599 reprehensione
497 1541 529 1584 se
557 1523 709 1584 continuit
734 1524 895 1602 Diogenes,
927 1525 1014 1584 cuius
1041 1526 1106 1585 vite

79 1621 249 1680 maximam
266 1625 384 1697 partem
403 1621 491 1680 fluxit
509 1641 525 1680 e
545 1621 699 1698 scriptoris
718 1622 848 1682 alicuius
861 1623 952 1681 Bioni
968 1623 1105 1700 aequalis

79 1719 134 1778 sed
153 1718 254 1778 eidem
271 1717 459 1778 infestissimi
476 1718 579 1778 libello
594 1719 710 1780 famoso
725 1719 864 1796 quodam.
888 1719 1105 1779 Eratosthenes

79 1823 186 1876 tamen
219 1815 274 1892 qui
305 1816 432 1891 aequius
462 1815 617 1876 iudicabat
649 1808 774 1897 (idcirco
806 1818 871 1894 ipse
898 1817 1057 1877 lacessitus
1086 1835 1104 1875 a

81 1913 234 1974 Strabone
265 1931 374 1989 parum
401 1931 498 1989 aequo
526 1906 640 1994 iudice)
667 1914 763 1974 nihilo
791 1915 886 1974 setius
912 1915 944 1974 in
971 1918 1035 1974 tum
1058 1914 1102 1974 in-

80 2011 175 2072 solite
199 2009 309 2070 habitu
332 2014 502 2087 ornatuque
522 2012 706 2088 agnoscebat
724 2017 755 2072 et
769 2005 951 2074 ‘mirabatur
969 2014 1105 2091 vigorem

81 2107 190 2168 Bionis
214 2125 250 2166 ac
270 2106 372 2184 robur,
390 2111 427 2167 ut
444 2107 529 2183 proci
546 2107 579 2165 in
597 2106 686 2166 Vlixe
705 2127 890 2185 quemqnam
909 2127 978 2168 sens
997 2103 1104 2185 pennis

80 2205 183 2266 obsito
223 2204 303 2265 vires
340 2222 375 2263 ac
411 2203 588 2263 firmitatem
624 2205 758 2282 corporis
791 2206 1002 2266 admirabundi
1035 2224 1103 2266 con-

80 2294 265 2380 spiciebant’
293 2292 363 2380 (od.
387 2317 405 2359 σ
429 2303 469 2360 74
494 2299 562 2377 οἴην
585 2299 617 2362 ἐκ
639 2300 754 2382 ῥακέων
782 2295 799 2364 ὃ
826 2299 921 2382 γέρων
948 2303 1011 2362 scil.
1040 2299 1102 2362 ἐπι-

81 2399 211 2480 γουνίδα
234 2389 359 2478 φαίνει).
401 2397 617 2475 quaerentibus
645 2402 748 2458 autem
770 2396 856 2458 nobis
881 2417 958 2475 qnae
981 2399 1104 2460 tandem

82 2498 199 2558 luerint
221 2497 277 2556 ills
299 2495 470 2556 meretricia
489 2499 665 2556 ornamenta
682 2494 877 2572 respondebit
894 2501 1014 2572 praeter
1031 2497 1103 2558 Dio·

82 2596 169 2674 genis
193 2597 362 2670 auctorem,
386 2593 473 2652 cuius
496 2593 589 2653 verba
611 2597 643 2654 et
666 2592 812 2670 adscripsi
835 2597 867 2653 et
885 2594 1103 2671 interpretetus

80 2711 159 2770 snm,
183 2691 273 2750 'Peles
297 2691 350 2767 qui
366 2690 496 2750 *unicum
519 2711 555 2752 er
577 2695 625 2751 tot
648 2683 802 2773 scriptis³)
826 2691 930 2751 Bionis
953 2693 1102 2769 fragmen·

81 2795 149 2850 tum
181 2789 315 2866 amplius
347 2788 521 2866 posteritati
548 2789 694 2866 servavit,
726 2808 795 2848 cum
823 2789 887 2865 ipse
915 2809 975 2849 non
1005 2791 1103 2850 solum

81 2886 269 2948 confidenter
300 2887 353 2946 sed
385 2905 422 2944 ne
455 2905 524 2945 oum
556 2886 766 2963 intellegentie
799 2885 920 2964 quidem
954 2887 986 2945 in
1013 2905 1102 2946 usum

82 3003 171 3046 snum
190 2984 350 3046 convertit.
381 2984 413 3042 in
433 2983 568 3044 oratione
586 2984 667 3042 enim
685 2983 787 3044 ieiuna
802 3001 893 3060 quam
913 2980 979 3061 περὶ
997 2977 1103 3061 αὐταρ-

82 3082 162 3155 κείας
181 3082 304 3159 scripsit
322 3073 419 3163 (apud
438 3080 530 3158 Stob,
548 3083 612 3152 dor.
627 3080 655 3137 V
674 3073 740 3162 67),
759 3086 796 3140 ut
813 3081 874 3164 iem
892 3073 1101 3163 Welckerus⁴)

155 3255 181 3322 1)
201 3251 246 3306 lto
264 3251 339 3306 enim
358 3248 488 3305 lacunam
508 3249 675 3319 explendem
694 3265 754 3304 ease
768 3251 856 3317 patet,
876 3250 1005 3316 quamvis
1020 3250 1098 3308 Scot-

83 3337 128 3388 tu·
146 3330 281 3386 maluerit
298 3329 442 3402 π[οη]τοῦ.
839 3333 847 3354 ⁸

154 3414 182 3482 2)
202 3409 244 3468 ct.
263 3427 337 3464 nnnc
360 3409 557 3474 Bluemnsrus,
580 3425 621 3480 pr.
641 3409 846 3464 Privatoltcrtb.
866 3427 893 3479 p.
914 3414 966 3465 189
990 3410 1053 3467 adn.
1074 3419 1099 3469 4.

154 3495 182 3558 3)
201 3489 242 3544 cf.
261 3487 291 3545 L.
310 3489 344 3546 D.
363 3489 402 3546 IV
420 3495 454 3546 4⁷
473 3492 589 3544 πλεῖσται
608 3485 792 3544 καταλέλοιπε
812 3483 1009 3558 ὑπομνήματα.

154 3575 183 3642 4)
202 3571 237 3626 ld.
256 3570 334 3626 Sctr.
353 3570 378 3624 ll
397 3569 424 3624 S.
444 3575 496 3624 les
526 3566 608 3623 ‘Eine
627 3566 704 3622 Bede
723 3567 773 3623 der
791 3568 926 3636 Armuth,
951 3570 1039 3624 werin
1058 3571 1099 3627 sie
