2548 4004
536 221 757 285 ..22-

228 386 340 463 μοῦνος
362 377 393 444 δ’
404 377 429 467 ¹)
452 377 642 464 ἀνθρώποισι
661 386 741 445 Ιθεοῦ
758 377 874 462 Ιτρόπον
895 373 1133 469 ἡρεμονεύειςῖ),

272 474 307 554 ὃς
329 478 396 562 περὶ
417 483 518 542 πᾶσαν
535 473 642 563 etsist)
665 486 755 562 γαῖαν
777 475 988 561 ἀναστρέφεται

228 573 347 653 δεικνύς
371 573 512 659 εύτύρνοο
536 579 665 660 σφαίρης
685 572 889 659 πυρικαύτορα
911 574 1030 643 κύκλον.
1075 639 1085 658 ,

226 777 247 868 ἦ
270 784 327 871 γὰρ
350 783 428 872 tyele
450 787 537 869 ἐρέω,
561 781 602 865 ὥς
624 815 675 872 μοι
696 792 907 870 καταφαίνεται
930 785 1019 871 εἶναι,

272 891 374 967 μῦθον
397 882 540 969 ύληθείης
563 884 659 971 ὀρθὸν
681 887 757 970 ἔχων
779 884 909 968 κανόνα,

229 979 269 1060 ὥς
290 979 310 1066 ἡ
332 990 385 1048 τοῦ
402 987 491 1049 θείου
513 1008 543 1048 τε
566 982 657 1066 φύσις
679 985 729 1050 καὶ
751 981 886 1068 τάγαθοῦ
908 987 978 1051 αἰεί·

272 1082 303 1158 ἐξ
327 1072 370 1145 ὧν
393 1079 524 1158 ἰσύτατος
546 1085 656 1165 γίνεται
678 1079 767 1165 civici
789 1086 824 1165 βί
855 1131 863 1146 .

622 1202 671 1262 ΠΙ

272 1290 347 1358 ἄλλα
368 1292 400 1360 τὸ
420 1292 605 1377 φαινόμενον
622 1291 753 1382 simp)
777 1293 877 1359 σθένει
901 1285 992 1378 οὗπερ
1013 1291 1052 1360 lv
1071 1297 1158 1382 bap.

204 1485 251 1544 Ex
271 1484 320 1546 bis
343 1485 523 1564 fragmentis
550 1485 623 1545 licet
648 1488 863 1564 arg'umentum
885 1485 1027 1544 carminis
1049 1485 1157 1545 adum-

137 1582 233 1642 brare.
270 1581 379 1661 incipit
399 1583 497 1662 igitur
519 1587 611 1661 poete
634 1601 652 1640 a
675 1582 818 1642 laudibus
836 1581 1001 1672 Pyrrbonis
1025 1602 1157 1662 eumque

137 1680 319 1760 intennogat‚
347 1701 407 1759 quo
435 1681 558 1741 tandem
580 1679 670 1740 modo
694 1679 827 1740 effecerit
848 1685 885 1740 ut
908 1681 1048 1741 omnibus
1071 1683 1157 1759 cupi-

137 1778 285 1839 ditatibus
309 1780 341 1840 et
363 1779 457 1838 enimi
480 1777 638 1838 affectibus
662 1795 777 1838 vacuus
800 1796 919 1854 semper
937 1797 1034 1857 aequo
1054 1779 1157 1840 animo

136 1873 223 1934 vivat
260 1878 291 1935 et
322 1875 395 1938 aclis
428 1878 538 1935 cuncte
570 1876 779 1936 collustiantis
815 1867 945 1956 instarl)
982 1876 1157 1937 hominibus

137 1959 252 2030 rectam
274 1973 357 2033 viem
379 1977 528 2034 monstret
551 1965 602 2054 (fr.
625 1964 685 2054 1)..
708 1972 872 2050 respondet
894 1973 1032 2050 Pynnhon
1055 1963 1157 2035 verb'is
1264 1955 1265 1974 ³

135 2069 262 2129 secundi
279 2071 451 2150 tegmenti,
470 2071 506 2131 de
527 2090 657 2148 quorum
675 2069 826 2131 sententia
843 2089 941 2148 nuper
958 2071 1076 2164 largius
1096 2071 1157 2132 dis·

135 2168 260 2242 putavit
278 2168 439 2249 Hirzeliu5‚
468 2169 582 2230 Uetere.
600 2169 649 2228 ΙΠ
671 2188 699 2245 p.
720 2169 873 2245 46-58,
897 2169 1031 2228 nondum
1053 2173 1157 2229 tamen
1263 2161 1264 2209 l

137 2267 204 2326 tote
231 2267 362 2328 veritate
389 2271 555 2346 perspecta.
602 2265 735 2326 affirmat
762 2284 833 2326 vero
856 2264 994 2342 Pyrrhcn
1022 2285 1053 2326 se
1082 2266 1157 2344 quid

43 2384 47 2390 ·
136 2361 174 2420 de
202 2381 235 2422 re
265 2365 377 2425 sentiat
407 2385 477 2426 cum
505 2365 629 2425 Tim0ne
658 2355 953 2430 communicatmum
981 2382 1058 2442 esse,
1087 2383 1156 2423 cum
1262 2425 1263 2430 ,

137 2461 239 2537 μῦθον
257 2455 401 2539 ἀληθείης
424 2466 539 2522 certam
557 2479 693 2526 normam
716 2460 835 2536 habeat
871 2459 923 2520 sed
941 2460 1156 2539 gravissimum

136 2575 211 2616 sene
229 2561 283 2637 est,
306 2561 467 2620 utstatim
487 2559 659 2620 accuratius
679 2556 868 2638 significetur
886 2558 954 2635 quis
973 2559 1096 2618 tandem
1115 2559 1156 2618 sit

138 2653 190 2713 ille
215 2675 306 2732 quem
328 2657 422 2717 tantis
445 2656 588 2717 laudibus
611 2656 762 2733 scepticus
781 2656 868 2714 effert
886 2658 985 2734 μῦθος
1002 2641 1156 2734 ἀληθείης,

139 2751 221 2828 quod
248 2753 284 2812 fit
310 2773 401 2815 versu
428 2755 533 2831 tertio;
561 2747 775 2816 ‘verissimum’
802 2753 883 2812 enim
905 2753 983 2812 illud
1007 2747 1156 2814 ‘verbum'

138 2849 195 2908 hoc
218 2849 319 2927 ipsum
342 2855 401 2912 est:
431 2869 549 2930 semper
570 2856 713 2913 naturam
736 2850 833 2912 divini
856 2853 887 2910 et
909 2851 982 2912 boni
1005 2849 1063 2910 sibi
1086 2869 1156 2910 ecn-
1260 2887 1261 2890 =

139 2939 262 3031 stere⁶).
305 2947 344 3007 ed
366 2947 444 3008 banc
466 2937 564 3028 igitur
585 2964 723 3009 normann
746 2967 849 3009 omnes
872 2946 1012 3026 ἰνδαλμοί
1033 2981 1074 3042 ‘.
1094 2949 1113 3008 i
1131 2968 1157 3012 a

139 3066 354 3075 ——-—-.—-

212 3128 238 3195 1)
259 3122 288 3182 δ’
309 3128 398 3182 Sext:
418 3123 449 3183 ἓν
468 3127 560 3184 baert.

211 3211 239 3275 2)
258 3201 447 3277 ἡγεμονεύσει·
461 3205 550 3262 Sexta
568 3202 751 3278 ἡγεμονεύων
771 3205 863 3262 baert.

211 3289 238 3356 3)
259 3281 330 3340 ἐλῶν
345 3286 513 3357 Stephanus,
527 3303 597 3356 pecs.
609 3289 708 3359 philos.
723 3293 753 3356 pf
765 3291 800 3342 ⁷4
814 3288 842 3342 et
856 3287 980 3360 Beklser:
996 3281 1067 3341 ἕιῶν
1081 3285 1157 3342 libri.
1258 3283 1259 3286 ’

211 3367 239 3434 4)
258 3360 353 3438 πάντη
373 3365 486 3435 Galen,
505 3367 599 3423 Laert.
618 3368 659 3422 F:
678 3367 766 3422 παντὶ
784 3367 877 3422 baert.
896 3368 963 3436 cet,
983 3365 1058 3422 Sext

212 3447 239 3516 b)
259 3446 347 3520 Recte
369 3444 521 3516 Hirzeliue‚
546 3447 652 3503 Uetere.
667 3446 708 3500 111
726 3449 754 3517 p.
770 3452 805 3502 48
818 3463 859 3517 eq.
880 3445 1021 3516 exposuit,
1041 3437 1162 3502 sextum‘

141 3526 216 3583 male
235 3525 408 3582 intellexisse
427 3525 666 3598 comparationem
684 3525 732 3582 hic
750 3526 915 3582 adhibitam.

213 3609 239 3677 6)
259 3601 297 3670 ὥς
315 3605 410 3677 igitur
420 3611 477 3662 nob
496 3609 541 3664 eet
557 3606 699 3677 particula
717 3606 847 3678 causalis,
865 3605 942 3674 quod
960 3605 1081 3688 suinpsit
1093 3605 1158 3662 Hir-
