2544 3998
537 226 580 236 —
628 189 692 254 112
738 225 780 236 -
1052 209 1186 254 innotus
1251 181 1252 276 l

164 385 205 398 -
237 353 330 414 habes
367 371 403 414 ea
434 354 588 414 nonnullis
622 352 804 431 quibusdam
836 352 969 430 exeeptis
1002 354 1131 414 oolleota
1168 371 1187 412 a

164 451 413 513 Winohelmanno
437 444 670 534 (Turio.1842)
690 481 741 527 -‚
765 468 857 528 qnam
880 450 1077 512 oonieotando
1100 467 1186 512 esse·

163 549 218 626 qui
244 549 376 626 primum
400 567 436 609 ex
458 549 605 610 librorum
635 549 746 625 indice,
775 565 866 625 quem
893 547 925 606 in
948 547 1051 608 deoem
1073 542 1187 626 τόμους
1252 589 1253 622 p

163 647 227 708 sive
259 641 410 720 συντάξεις
444 665 530 707 rarae
562 646 772 724 amplitudinis
805 646 1023 724 grammaticus
1057 645 1186 725 qnidam
1252 699 1253 704 ,

163 745 245 823 apud
262 745 362 805 Laert.
380 745 469 824 Diog.
485 745 530 804 VI
550 747 590 805 15
606 762 649 822 sq.
672 744 832 822 redegerat
854 734 906 824 (of.
925 742 1056 822 entius,
1080 744 1182 804 Βαολι-

163 859 255 904 wesen
277 845 304 904 d.
320 841 408 903 Alton
425 863 453 920 p.
469 845 533 904 449
558 847 589 902 et
612 841 748 903 Rohdius
773 842 805 900 in
828 839 1181 920 nunt.G0tting.1882

162 961 192 1018 p.
214 942 298 1001 1543
310 933 378 1022 οφ),
402 940 471 999 dein
497 958 533 999 ex
556 939 676 1016 seriptis
694 938 832 1000 Platonis
851 938 1017 1000 adversarii
1036 940 1186 1000 aoerrimi.

163 1039 243 1098 inter
266 1058 357 1116 quem
380 1042 412 1098 et
434 1036 646 1098 Antisthenem
669 1036 751 1114 quod
773 1036 887 1096 exarsit
909 1039 1066 1111 certamen*
1085 1055 1187 1116 nuper
1253 1105 1254 1110 η

75 1163 81 1174 ·
164 1136 337 1195 aoonretius
369 1135 563 1196 adumbravit
588 1135 803 1194 Duemmlerus
832 1127 1085 1194 ‘Antistheniois'
1120 1135 1186 1195 suis

165 1224 249 1313 (Hal.
259 1225 369 1314 1882),
384 1233 437 1310 qui
447 1233 560 1309 optime
570 1252 599 1309 p.
607 1234 647 1292 63
658 1233 732 1292 haeo
746 1231 881 1309 scripsit:
896 1225 935 1292 ‘si
944 1233 1117 1294 consideras
1127 1233 1185 1292 snb

165 1334 241 1407 quot
258 1330 395 1407 personis
414 1330 495 1407 apud
511 1329 670 1390 Platonem
687 1331 785 1389 lateat
799 1329 1004 1408 Antisthenes,
1029 1331 1186 1409 sophistae
1254 1347 1255 1354 ¹

164 1427 234 1487 Elei
262 1426 308 1502 [in
335 1427 449 1506 Hippia
476 1425 625 1506 dialogo]‚
653 1427 826 1505 philosophi
848 1427 1016 1488 Heraolitei
1043 1427 1089 1504 [in
1113 1427 1185 1489 Ora·

164 1525 244 1602 tylo,
264 1523 458 1603 Theaeteto],
479 1525 623 1603 rhapsodi
642 1524 687 1601 [in
705 1523 806 1603 Ione]‚
829 1525 985 1586 miraberis
1008 1527 1187 1588 versatilem

165 1620 231 1681 eius
250 1622 385 1682 animum
399 1621 503 1684 Protei
517 1622 647 1682 similem
660 1628 693 1684 et
704 1623 866 1702 intelleges
880 1642 934 1684 eur
948 1624 1056 1684 'limen
1074 1641 1186 1702 parum

166 1719 281 1779 urbane
305 1739 375 1780 eum
397 1715 557 1798 παντοφυῆ
581 1717 713 1797 φλέδονα
736 1714 865 1782 dixerit'

234 1819 369 1878 Timonis
396 1818 481 1877 ioous
506 1835 599 1894 quam
622 1819 721 1878 salsus
744 1819 785 1879 sit
807 1822 844 1879 ut
865 1835 988 1897 prorsus
1011 1819 1187 1896 perspioias‚

166 1914 198 1974 id
222 1934 342 1992 quoque
369 1914 541 1974 meminisse
570 1915 669 1992 iuvat,
702 1915 784 1992 quod
816 1915 870 1976 illo
898 1919 1034 1993 tempore
1063 1909 1188 1993 εὐφυεῖς

167 2005 348 2090 ‘ingeniosi'
372 2011 550 2096 dicebantur
577 2012 713 2072 homines
737 2013 895 2074 versatiles
923 2013 1023 2075 verbis
1051 2013 1188 2091 expediti

167 2112 199 2169 et
222 2109 352 2187 dioeces,
377 2127 452 2186 quos
476 2109 664 2187 antiquiores
682 2129 737 2188 pro
756 2111 988 2189 gravitateque
1006 2114 1080 2170 tuno
1099 2117 1188 2172 erant

167 2224 286 2267 sourras
319 2206 471 2267 dixerant:
512 2208 548 2266 of.
576 2206 700 2267 Isoorat
729 2207 880 2287 Areopag,
908 2210 950 2269 49
985 2202 1188 2286 deperderetur

166 2301 307 2383 ἐμελέτων
330 2296 532 2386 (antiquiores
553 2298 781 2387 Athenienses),
810 2299 872 2365 ἄλλ’
898 2297 935 2366 οὐ
959 2300 1188 2385 βωμολοχεύ-

167 2407 287 2479 εσθαι,
318 2399 369 2463 καλ
400 2396 470 2476 τούς
501 2395 742 2481 εὐτραπέλους
774 2397 808 2463 δὲ
835 2399 886 2462 τεαὶ
911 2395 981 2475 τούς
1010 2395 1188 2464 σκώπτειν

168 2496 368 2578 δυναμένους,
405 2492 459 2572 οὐς
488 2501 546 2560 νῦν
577 2493 726 2577 εὐφυεῖς
756 2491 1043 2579 προσαγορεύουσιν,
1078 2496 1188 2561 ἐκεῖνον

168 2595 321 2675 δυστυχεῖς
343 2589 492 2675 ένόμιζονς
517 2597 553 2656 de
577 2598 705 2659 antidos.
721 2599 786 2658 284
807 2590 877 2670 τούς
896 2591 949 2674 μέν
971 2615 1004 2676 με
1027 2597 1188 2674 βωμολο-

167 2689 389 2772 χευομένους
419 2690 470 2754 καὶ
498 2687 673 2756 σκώπτειν
702 2692 751 2755 καλ
781 2697 972 2772 μιμεῖσθαι
999 2690 1189 2771 δυναμένους

168 2785 316 2868 εὐφυεῖς
344 2783 413 2874 (qni
435 2810 515 2853 nuno
539 2796 611 2852 sunt
632 2783 849 2870 Athenienses)
878 2792 1001 2851 καλοῦσι
1030 2781 1188 2872 (similiter

168 2889 381 2967 Theopompus
406 2908 453 2966 ap.
471 2888 581 2950 Athen.
601 2889 646 2949 VI
667 2909 696 2967 p.
717 2882 798 2952 260¹'
821 2889 857 2948 de
881 2888 1023 2966 Philippo
1047 2887 1126 2949 dixit
1147 2879 1188 2969 ἦν

168 2980 256 3064 φύσει
283 2981 454 3067 βωμολόχος
552 2983 602 3046 καλ
626 2987 739 3066 χαίρων
836 2989 897 3046 τῶν
923 2977 1099 3065 ἀνθρώπων
1126 2989 1187 3060 τοῖς

168 3078 292 3162 εὐφυέσι
310 3080 503 3163 καλουμένοις
521 3080 572 3143 ταὶ
589 3088 650 3156 τοῖς
666 3078 703 3144 τδι
721 3079 820 3165 γέλοια
838 3078 1023 3163 λέγουσινναὶ
1041 3074 1186 3164 ποιούσι).

169 3181 263 3242 talem
280 3183 377 3261 igitur
395 3199 530 3242 semrom
548 3199 580 3241 se
598 3181 787 3258 praestitisse
810 3197 880 3240 oum
898 3179 1019 3240 'limoni
1041 3179 1127 3240 visus
1147 3179 1186 3239 sit

135 3321 138 3328 -
169 3279 374 3357 Antisthenes,
398 3280 484 3341 audit
509 3279 537 3339 ei
558 3272 747 3358 παντοφυής,
770 3279 852 3356 quod
875 3279 974 3348 etiam
991 3277 1098 3355 paullo
1116 3279 1185 3355 plus

168 3376 252 3437 volet
271 3395 361 3453 quam
376 3371 504 3455 εὐφυής.
536 3379 672 3437 osterum
689 3377 791 3453 ipsum
808 3375 992 3438 vocabulum
1009 3369 1187 3453 παττοφνής

169 3476 327 3552 praeterea
350 3494 410 3536 non
433 3476 547 3555 legitur
569 3475 628 3535 nisi
652 3465 1187 3556 (mutataeignifioetione)01phiei

169 3573 201 3633 in
220 3573 333 3634 Panem
355 3573 460 3652 hymni
479 3593 506 3637 r.
524 3577 565 3635 10
588 3566 779 3652 παντοφυής,
802 3569 926 3655 γενέτωρ
949 3565 1078 3634 πάντων.
