2544 3998
80 191 197 234 ηιμ
468 208 510 218 -
557 171 597 238 91
646 210 687 220 -

80 325 153 394 quod
170 326 279 395 placuit
293 325 440 396 Natorpio,
459 327 572 384 Forscli.
587 345 610 384 r.
629 328 722 386 Gracia
737 331 763 386 d.
773 323 1092 404 Erkemrtnisaproblons

78 417 168 482 (1884)
188 433 215 484 p.
236 419 287 470 159
306 415 371 469 adn.
391 421 407 469 2
423 417 428 486 Ι
449 417 545 486 μῦθον
564 418 616 488 Bi
636 435 664 472 v.
683 425 698 473 2
718 413 863 488 ἀμφίνοον
882 425 1002 492 λεσχῆνα
1021 422 1091 479 Mei-

77 502 155 571 uclrr,
175 519 264 560 exerc.
283 503 352 574 phil.
367 503 397 558 iu
410 504 512 561 Athen,
528 504 582 576 Ip.
597 511 613 560 6
629 531 663 552 =
684 507 757 562 anal.
777 508 814 562 ad
828 508 894 566 Ath.
913 528 941 581 p.
961 517 995 566 26
1013 513 1091 568 ratus

77 591 177 662 lewis
196 607 257 646 esse
271 608 306 646 ex
320 593 360 646 eis
379 594 471 648 verbis
490 593 643 663 dequibus
658 594 814 666 disputavit
830 597 951 668 Lobeclr,
970 600 1089 672 paralip.

77 686 225 750 p.191sq.:
241 676 385 750 ἀμφίνοον
399 679 499 750 λέσχην
514 680 675 752 (ίὲοχονΗ)
691 677 709 738 ἃ
725 683 803 748 libri;
819 679 971 755 ἆμφινὸων
984 689 1091 757 icoleis

79 762 246 833 dMullaoln
265 765 393 824 Democr.
408 769 461 840 frg.
475 788 503 840 p.
518 775 553 824 94
572 765 590 826 ἃ
607 771 691 825 simul
709 773 744 828 ad
759 768 871 842 μύθους
890 775 918 828 et
936 773 974 828 ad
992 773 1092 844 λέσχας

79 859 200 912 referens

142 1037 241 1078 nourr.
269 1016 325 1076 His
348 1017 485 1078 versibus
504 1037 685 1096 magnopere
704 1019 911 1081 Democritum
930 1039 948 1080 a
968 1021 1093 1082 Timone

80 1115 289 1175 collaudatum
312 1131 376 1175 esse
399 1119 430 1174 et
451 1115 597 1194 Diogenis
626 1117 845 1178 sententiarum
873 1137 988 1180 conexu
1011 1121 1092 1181 evin·

79 1213 158 1273 citur
182 1215 215 1272 et
237 1213 334 1289 ipsius
356 1212 401 1271 rei
423 1217 542 1273 natura.
587 1233 657 1274 uam
684 1215 789 1292 aliqua
816 1221 960 1294 exparte
984 1218 1092 1278 Demo-

78 1311 144 1370 criti
162 1310 246 1370 inter
262 1313 294 1370 et
307 1309 470 1387 Pyrrhonis
486 1311 680 1389 Timonisque
698 1315 812 1390 placita
830 1315 931 1375 ethica
945 1319 976 1376 et
994 1316 1093 1394 logica

77 1409 251 1470 convenisse
273 1413 310 1468 ut
332 1409 365 1467 in
386 1408 562 1469 universum
585 1410 700 1470 dudum
722 1415 830 1472 notum
853 1417 899 1473 est
921 1414 966 1474 ita
984 1433 1093 1491 nuper-

76 1507 148 1567 rime
178 1505 377 1584 singulariter
403 1507 574 1582 expositum
601 1507 639 1566 ab
662 1507 808 1585 Himelio,
836 1509 950 1570 Unters.
973 1528 1010 1570 ou
1034 1511 1093 1573 Oia.

71 1604 177 1676 ploos.
200 1603 283 1664 Scia.
304 1603 352 1662 ΠΙ
373 1624 403 1680 p.
428 1607 527 1681 9sqq.
556 1607 586 1664 et
613 1622 631 1663 a
654 1605 803 1682 Natorpio
826 1607 846 1665 l.
870 1624 892 1665 s.
916 1627 944 1683 p.
971 1609 1033 1667 159
1063 1613 1094 1668 at

77 1703 138 1760 286
154 1719 231 1778 sqq„
254 1699 308 1760 sed
330 1719 367 1760 ne
392 1700 430 1760 ab
453 1700 500 1760 his
524 1702 646 1779 quidem
669 1702 807 1762 omuibus
827 1704 980 1764 exhaustis
1004 1721 1093 1782 argu·

77 1798 186 1858 mentis
201 1788 254 1878 (cf.
263 1797 463 1858 Schwartzius
476 1816 553 1858 mus,
564 1798 658 1860 Rhen.
668 1799 721 1858 XL
735 1819 765 1876 p.
776 1801 839 1859 248
850 1801 881 1859 et
892 1801 954 1860 249
966 1799 1034 1860 adn.
1043 1793 1094 1882 4);

78 1895 150 1970 quid
169 1895 252 1971 quod
271 1893 409 1972 Pyrrhon
430 1896 463 1955 in
481 1895 648 1957 Democriti
666 1895 787 1972 scriptis
809 1897 982 1974 propositae
1002 1915 1093 1958 reuu-

77 1992 165 2052 statis
190 1994 361 2069 exemplum
384 1993 447 2054 suis
470 1994 557 2060 libris
579 1995 726 2055 imitando
749 1994 897 2072 expressit
917 1986 968 2076 (of.
984 1994 1093 2056 Dusab.

76 2108 178 2167 praep.
201 2107 309 2167 evang.
333 2089 405 2149 XIV
423 2111 451 2167 p.
469 2084 582 2172 731⁸)?
605 2093 727 2152 minime
750 2110 823 2152 vero
845 2091 1001 2152 Nietzchio
1025 2111 1094 2154 oon·

77 2189 158 2266 cedo,
182 2188 284 2249 verbis
308 2189 411 2266 qualia
430 2207 522 2266 supra
541 2209 577 2249 ex
594 2188 738 2249 Meinelrii
756 2189 965 2249 emendatione
988 2189 1096 2266 scripsi

77 2287 173 2346 solam
186 2286 354 2346 Democriti
373 2286 527 2363 scriptoris
545 2287 738 2363 prudentiam
756 2279 833 2367 (‘die
847 2285 1096 2364 Verstllndiglreit

78 2382 127 2444 des
147 2376 411 2465 Schriftstellers')
435 2383 567 2444 laudari:
591 2385 672 2462 qnod
695 2389 726 2444 et
748 2383 838 2444 nimis
859 2383 993 2444 modeste
1017 2383 1094 2444 iudi·

78 2485 179 2540 catum
203 2485 236 2540 et
257 2481 373 2540 tumide
396 2499 520 2558 prorsus
543 2485 575 2541 et
593 2481 783 2541 abundanter
801 2481 916 2542 dictum
935 2480 983 2542 sit.
1017 2481 1095 2542 duae

77 2579 157 2638 euim
184 2578 353 2638 Democriti
378 2579 509 2640 virtutes
538 2580 629 2656 plane
655 2580 736 2639 iuter
762 2596 793 2638 se
821 2578 957 2640 diversae
986 2579 1095 2640 descri-

78 2674 201 2736 buntur.
248 2675 382 2752 primum
407 2675 562 2754 περίφρων
587 2669 702 2754 ποιμὴν
729 2669 838 2754 μύθων
860 2676 985 2754 dicitur,
1014 2676 1096 2754 quod

78 2774 220 2833 sollerter
241 2773 334 2834 verba
351 2773 525 2834 moderatus
544 2777 604 2852 est,
627 2773 740 2851 quippe
759 2773 813 2851 qni
827 2772 969 2834 Cicerone
988 2773 1095 2851 iudice,

80 2863 218 2930 ‘ornate’
246 2870 288 2930 sit
309 2872 430 2932 locutus
454 2864 506 2952 (de
530 2876 605 2931 orat.
628 2871 644 2930 I
670 2864 725 2952 11)
753 2873 785 2932 et
812 2864 1002 2930 ‘clarissimis
1029 2889 1095 2930 ver·

79 2965 187 3028 borum
210 2968 376 3029 luminibus
398 2963 485 3030 usus’
509 2960 599 3050 (orat.
619 2987 643 3028 c.
662 2959 729 3050 20),
752 2971 784 3028 et
807 2987 895 3044 quem
914 2965 1096 3026 Plutarchus

81 3069 196 3141 quaest.
216 3084 302 3128 conv.
316 3066 345 3125 V
360 3071 388 3144 7,
404 3070 423 3126 6
446 3069 482 3150 τῇ
505 3063 578 3140 λέξει
596 3064 759 3144 δαιμονίως
775 3085 805 3124 τε
823 3060 918 3143 λέγειν
940 3059 989 3122 cul
1008 3082 1094 3142 μεμα-

69 3165 233 3249 ,mauce
250 3163 434 3239 laudaverit3
454 3181 521 3224 eam
539 3164 637 3240 ipsam
650 3161 689 3223 ob
704 3179 827 3221 causam
846 3160 975 3220 dilectus
990 3177 1008 3218 a
1022 3158 1095 3236 Pyr-

80 3259 173 3320 rhone
197 3262 229 3319 et
252 3278 271 3319 a
290 3259 380 3320 Sexto
398 3259 643 3337 *empirice-adv.
662 3260 761 3337 dogm.
780 3258 873 3318 Isos
899 3257 997 3317 alatus
1020 3260 1096 3318 tam·

82 3375 173 3434 quam
197 3349 214 3418 d
237 3359 272 3438 τῇ
295 3349 369 3430 Διὸς
397 3360 485 3438 φωνῇ
507 3349 761 3435 πορεικαζόμενος.
809 3354 915 3414 deinde
946 3347 1097 3432 ἀμφίνοον

81 3457 206 3532 λεσχῆνα
228 3454 328 3515 verbis
347 3454 378 3514 id
396 3455 498 3532 ipsum
515 3454 708 3531 praedicatur
727 3451 809 3529 quod
826 3452 999 3514 Democrito
1018 3473 1096 3513 com·

83 3570 172 3612 mune
192 3555 239 3612 est
257 3571 326 3612 cum
344 3551 491 3629 scepticis.
519 3569 616 3627 neque
636 3550 716 3609 enim
734 3549 833 3610 solum
848 3544 981 3611 ‘subtilis
995 3550 1097 3626 dispu-
