2542 3996
556 222 594 230 -
644 183 707 248 158
756 219 794 228 -
1056 205 1189 248 morus

165 349 406 429 philosophando
426 350 620 411 obtinendam
635 339 691 429 (ὥς
707 378 745 389 -
762 338 1062 429 σἰμφοτερόβλετττος);
1077 346 1192 407 deinde

165 449 276 528 pergit,
308 466 393 509 secus
424 451 527 508 tamen
555 447 613 507 sibi
640 463 703 504 rem
735 444 859 504 cessisse
892 443 965 502 dum
991 443 1073 504 inter
1100 445 1193 505 vivos

167 550 247 608 esset
279 537 378 627 (δολίῃ
407 540 435 605 δ’
460 538 522 630 ὁδῷ
549 534 770 623 semesos),
798 545 829 601 et
857 541 962 601 statim
990 541 1084 600 adicit
1115 560 1190 602 cau·

167 662 231 704 sam
264 662 324 721 qna
355 643 471 704 factum
503 643 555 720 sit,
589 645 625 702 ut
656 640 758 717 opinio
785 639 887 716 ipsum
912 639 1059 698 fefellerit
1087 631 1192 721 (ὅππη

167 734 232 820 γὰρ
255 735 328 802 νόον
350 735 507 818 eteorum,
530 733 667 800 ἀνελύετο
689 729 776 819 ντλ.);
800 737 904 814 itaque
927 735 1008 796 inter
1029 729 1193 817 durrqudp

167 843 198 900 et
225 832 418 916 έξοττατήθην
444 838 521 897 nihil
548 837 629 914 quod
652 835 907 896 constructionem
929 834 1070 894 turbaret
1091 835 1194 896 inter·

165 936 239 1014 poni
269 936 380 1013 potuit.
430 935 598 996 necessario
631 934 728 1012 igitur
760 933 799 993 ad
831 923 1025 1010 ἐξαποτήθην
1054 934 1193 994 referen-

167 1035 240 1094 dum
257 1037 305 1093 est
322 1030 369 1092 uui
390 1026 618 1112 ἆττενθοὶριστοςς
641 1033 673 1092 in
692 1029 803 1108 quibus
821 1028 896 1107 ipsis
914 1028 1015 1090 verbis
1035 1033 1194 1107 corruptis

167 1134 264 1192 altera
291 1131 456 1191 difficultas
484 1131 570 1192 inest.
617 1129 660 1190 eis
688 1147 767 1208 quae
795 1146 814 1187 a
840 1128 994 1205 plerisque
1018 1128 1195 1189 intruditur

167 1229 318 1290 sententia
348 1229 439 1305 plane
468 1228 543 1288 mihi
569 1226 771 1288 intolerabilis
798 1225 928 1287 videtur.
978 1244 1078 1303 neque
1105 1228 1191 1286 enim

165 1328 269 1405 potuit
308 1326 510 1403 Xenophanes
551 1325 735 1403 generaliter
766 1343 805 1392 se
841 1323 1061 1400 reprehendere
1104 1326 1192 1402 quod

167 1426 281 1484 omnis
318 1423 595 1501 circumspectionis
631 1423 801 1483 incuriosus
837 1421 932 1482 fuerit
967 1422 1016 1482 vel
1049 1422 1193 1500 ignarus,

166 1523 258 1582 immo
290 1541 350 1582 non
382 1523 481 1582 solnm
508 1521 614 1581 debuit
640 1521 761 1581 laudari
788 1540 806 1580 a
830 1520 962 1596 sceptico
984 1519 1188 1598 philosophus

168 1621 221 1698 qui
245 1611 295 1702 (fr.
312 1623 352 1680 14
367 1613 419 1702 K.)
444 1619 570 1680 edixerit
592 1615 642 1677 καὶ
664 1611 697 1679 τὸ
721 1614 774 1696 μὲν
798 1607 853 1678 οὖν
876 1613 970 1693 σαφές
993 1612 1030 1678 od
1047 1639 1090 1691 τις
1109 1612 1191 1698 ἀνὴρ
1265 1639 1266 1666 ³

167 1712 257 1798 γένετ’
285 1712 355 1780 οὐδέ
376 1740 419 1790 τις
441 1717 519 1778 ἔσται
540 1716 544 1790 Ι
565 1709 661 1791 εἰδώς,
684 1709 765 1793 ἀμφὶ
785 1717 867 1776 θεῶν
889 1736 919 1776 τε
941 1711 990 1774 καὶ
1013 1708 1091 1775 ἅσσα
1112 1713 1190 1796 λέγω
1265 1721 1266 1726 ’

167 1813 234 1896 περὶ
261 1809 392 1876 πάντων
424 1814 428 1888 Ι
459 1813 486 1875 εἰ
510 1806 567 1894 γὰρ
594 1809 644 1872 καὶ
670 1806 705 1872 τὰ
734 1805 856 1891 μάλιστα
882 1806 965 1891 τύχοι
986 1807 1190 1892 τετελεσμένον

168 1907 271 1990 εἰπὼν,
296 1912 300 1987 Ι
325 1905 413 1984 οὗτός
436 1904 516 1990 ὅμως
539 1904 595 1973 οὐκ
617 1903 693 1971 οἶδε·
718 1903 805 1981 ὃόκος
820 1901 856 1968 'd'
882 1905 929 1968 έτεὶ
952 1912 1024 1970 ττᾶσι
1046 1907 1190 1987 τέτυκται,

168 2011 222 2071 sed
249 2010 434 2087 amplissimo
458 2010 570 2070 honore
593 2013 750 2087 tamquam
773 2007 905 2092 Tiresias
928 2008 1007 2068 alter
1030 1999 1072 2089 (v.
1096 2027 1193 2086 supra

167 2130 196 2186 p.
212 2101 270 2191 47)
290 2127 308 2168 a
326 2108 510 2187 sillographo
530 2112 655 2168 ornatus
675 2109 729 2166 est.
762 2105 882 2166 sedhic
901 2106 1083 2168 describitur
1096 2101 1191 2171 Ξενο-

169 2201 270 2284 φάνης
293 2201 347 2284 μέν
369 2202 436 2285 περὶ
458 2199 579 2266 πάντων
601 2197 769 2283 duodecade,
792 2203 969 2283 δογματίσοις
992 2200 1026 2264 δὲ
1044 2199 1140 2281 μόνον
1158 2198 1191 2266 τὸ

168 2297 244 2366 εἶναι
258 2298 355 2364 πάντα
369 2301 401 2364 ἓν
415 2309 451 2365 ut
464 2303 563 2366 verbis
579 2302 688 2363 Geloni
700 2303 770 2362 hist.
784 2301 859 2379 phil.
876 2305 893 2361 7
908 2323 937 2378 p.
949 2303 1023 2379 604,
1036 2304 1076 2361 17
1091 2303 1187 2363 Diels.

168 2407 247 2464 utar.
285 2403 389 2481 itaque
412 2401 565 2462 sententia
587 2401 659 2460 talis
681 2401 745 2460 fere
768 2403 958 2476 expectatur:
988 2393 1189 2478 ‘quamquam

169 2520 225 2578 ego
262 2504 363 2560 aetate
398 2502 561 2576 provectus
593 2490 627 2579 (i.
656 2517 680 2556 e.
711 2498 856 2558 diuturno
890 2516 949 2557 usu
981 2491 1125 2580 edoctus)
1159 2503 1190 2559 et

169 2598 265 2657 omnis
298 2596 464 2674 sapientiae
496 2595 737 2656 studiosissimus
763 2595 822 2674 fui,
854 2599 957 2654 tamen
984 2596 1029 2655 rei
1055 2596 1189 2657 fallaciis

168 2696 313 2772 deeeptus
345 2687 433 2756 sum'.
487 2697 621 2754 ceterum
653 2693 744 2752 simul
775 2693 823 2751 his
854 2692 954 2754 verbis
987 2693 1188 2773 significatur,

168 2798 251 2854 certa
277 2793 332 2854 illa
354 2793 468 2871 placita
491 2811 569 2870 quae
592 2792 724 2850 carmine
746 2790 896 2850 didactioo
918 2791 1061 2868 exposuit
1084 2809 1188 2852 senem

168 2892 290 2952 demum
325 2890 540 2969 philosophum
576 2888 775 2966 excogitasse,
806 2895 880 2978 cum
917 2888 970 2948 diu
999 2888 1187 2950 sententiam

167 2991 331 3070 fragmenti
360 2991 401 3049 14
429 2988 571 3049 tenuerit.
599 3019 636 3028 -
661 2990 852 3046 transeamus
878 3003 958 3046 nunc
986 2985 1025 3045 ad
1053 2987 1187 3065 singula.

235 3088 370 3148 Verbum
397 3105 416 3146 o
441 3087 566 3147 Timone
593 3088 740 3146 novatum
766 3076 1038 3162 ἀμφοτερόβλετετος
1065 3089 1189 3162 spectat

169 3187 208 3248 ad
232 3188 395 3265 scepticam
422 3186 585 3262 rationem,
613 3201 650 3243 ex
677 3201 738 3260 qua
766 3174 816 3241 διὰ
843 3175 898 3259 τὴν
925 3178 959 3242 έν
980 3185 1041 3253 τοῖς
1064 3175 1190 3242 ἀντιτει-

169 3280 269 3362 μένοις
295 3277 445 3363 πράγμασι
471 3279 522 3342 καὶ
548 3275 645 3360 λόγοις
669 3276 856 3340 ἰσοσθένειαν
878 3279 897 3338 i.
922 3299 945 3339 e.
968 3272 1024 3357 τὴν
1045 3271 1121 3338 κατὰ
1144 3278 1191 3338 ντί-

169 3397 232 3441 στεν
260 3377 311 3440 καὶ
338 3375 475 3441 ἀπιστίαν
502 3373 618 3456 ἰσότητα
647 3369 687 3451 ὥς
715 3374 828 3457 μηδένα
855 3370 983 3456 μηδενὸς
1009 3380 1189 3453 προκεῖσθαι

168 3480 229 3538 τῶν
251 3474 426 3557 μαχομένων
450 3473 547 3558 λόγων
569 3469 609 3550 ὥς
631 3470 800 3554 πιστότερον
822 3477 861 3536 ad
883 3467 995 3555 ἐποχήν
1012 3475 1192 3551 pervenitur

169 3569 266 3658 (Sext.
289 3576 376 3654 Emp.
399 3575 504 3654 Pyrrh.
527 3576 631 3654 hypot.
655 3574 671 3633 Ι
694 3577 713 3635 8
739 3577 770 3634 et
794 3567 864 3656 10):
895 3591 962 3634 eam
989 3572 1087 3649 ipsam
1114 3591 1187 3634 vero
