2548 4004
479 197 697 261 -ῃ-

87 365 216 422 noehnm
243 363 309 422 erit
356 381 453 439 neque
480 358 571 420 huius
599 360 658 420 loci
685 363 745 432 σου
755 359 792 419 de
814 360 916 420 satiris
939 358 1096 436 disputare

88 478 172 538 prosa
193 461 328 521 oratione
352 459 538 536 conscriptis.
984 535 985 540 ἵ

151 557 271 618 Praeter
289 550 466 618 ‘sermones’
485 575 557 617 vero
573 555 652 616 Bion
670 557 763 617 etiam
781 573 902 616 carmen
919 555 1097 633 parodicum

88 655 209 733 scripsit.
241 655 303 715 fnit
321 654 402 714 enim
418 655 507 714 homo
522 646 638 731 εὐφυὴς
651 653 827 736 παρῳδῆσαι
841 644 889 734 (Ιι.
908 652 944 712 D.
962 653 1006 712 IV
1022 645 1096 734 52):

87 752 117 812 id
133 753 211 830 quod
230 771 301 813 enm
317 753 528 830 comprobasse
541 750 748 828 detorquendo
763 749 947 828 Theognidis
962 754 993 810 et
1006 750 1095 810 Enri-

85 851 161 928 pidis
173 867 278 912 vorsus
292 850 354 910 iem
368 869 460 928 snpra
473 842 517 930 (p.
529 851 570 908 70
581 840 640 928 sq.)
651 848 791 908 vidimus.
820 849 873 908 sed
886 848 983 906 multo
998 848 1096 925 magis
1185 915 1189 922 ¹

85 947 288 1024 comprobavit
298 945 467 1008 Homericis
481 946 623 1024 parodiis.
647 943 1095 1006 Homerioaomninolubentis·

85 1045 155 1104 sime
177 1037 370 1126 usurpavit¹)
394 1064 454 1104 non
478 1045 577 1104 solum
603 1063 639 1102 ex
663 1044 836 1120 cynicorum
859 1061 941 1102 more
965 1042 1097 1120 quodam

84 1143 231 1202 constanti
262 1142 315 1202 sed
347 1141 441 1202 etiem
467 1145 574 1218 utpote
601 1140 830 1218 Borysthenita3
863 1140 1096 1219 Borysthenitae

85 1239 161 1298 enim
190 1232 296 1318 σχεδὸν
322 1232 430 1311 πάντες
452 1236 518 1314 περὶ
540 1232 592 1297 τὸν
614 1232 741 1316 ποιητὴν
765 1230 922 1319 (Ὅμηρον)
951 1232 1095 1298 incondi-

83 1353 168 1396 ιιασιν
189 1341 220 1396 st
244 1329 300 1412 τὴν
314 1329 426 1395 Ἰλιάδα
444 1329 545 1415 ὀλνγοο
563 1329 670 1407 πάντες
693 1335 791 1396 ἴσασιν
809 1329 868 1397 citri
887 1328 1038 1412 στόματος,
1061 1339 1096 1395 ut

84 1433 126 1494 nit
151 1434 210 1493 Dio
234 1432 467 1511 chrysostomus
491 1425 556 1514 (Or.
581 1436 622 1493 36
647 1430 667 1509 ἓ
692 1425 736 1514 9),
766 1438 797 1495 et
824 1434 959 1511 ipsorum
988 1437 1095 1509 poetae

84 1525 177 1606 μόνον
190 1525 325 1609 ’Όμηρον
348 1526 588 1608 μνημονεύουσιν
610 1528 643 1590 ἐν
665 1534 725 1602 τοῖς
749 1523 912 1608 ποιήμασιν
935 1522 1008 1610 (Dio
1032 1531 1051 1588 l.
1074 1548 1096 1590 s.

83 1621 189 1708 510).
220 1631 308 1704 patet
329 1646 402 1705 ergo
424 1629 515 1704 plane
538 1629 577 1688 ad
598 1629 702 1688 Bionis
725 1627 880 1705 ingenium
903 1627 1095 1704 indolemque

82 1724 193 1784 factam
219 1743 284 1784 esse
313 1725 470 1801 perediam
493 1725 684 1786 Homericam
710 1729 743 1785 et
770 1724 905 1803 graviter
932 1723 1095 1784 dolendum

81 1821 154 1883 dnos
178 1826 300 1882 tentum
321 1841 427 1884 versus
450 1824 630 1884 celsissimos
653 1841 724 1882 sane
749 1825 780 1882 et
802 1821 937 1900 apprime
960 1821 1096 1898 festivos,

81 1919 190 1996 quibus
217 1919 314 1980 irrisit
336 1919 502 1998 Archytam
525 1921 758 1999 Mytilenaeum,
791 1938 946 1999 superesse
973 1921 1097 1980 maioris

80 2017 237 2078 cuiusdam
263 2018 418 2094 carminis,
446 2018 527 2096 qnod
548 2019 649 2079 nescio
672 2037 745 2078 num
769 2018 894 2080 iustiore
917 2019 983 2078 ullo
1006 2037 1096 2095 quam

80 2116 248 2176 sillorum
284 2116 405 2176 nomine
439 2115 604 2194 significari
634 2117 732 2193 possit
765 2109 861 2197 (quod
892 2115 1097 2193 fragmentum

79 2213 157 2274 infra
189 2214 270 2274 inter
299 2213 555 2292 sillographorum
583 2214 729 2291 reliquias
756 2205 925 2294 adscripsi).
976 2211 1015 2272 ad
1041 2213 1096 2274 hoe

79 2313 175 2390 igitur
197 2312 296 2390 silice,
320 2312 431 2389 quihus
454 2315 575 2389 praeter
597 2312 727 2372 musicos
751 2311 844 2370 etiam
866 2310 1096 2370 mathematicos

79 2411 219 2488 physicos
261 2413 377 2470 ceteros
413 2410 601 2488 dogmaticos
636 2409 773 2487 petierit,
812 2408 983 2469 retttdarim
1019 2426 1096 2486 quae

78 2511 242 2568 narrantur
275 2527 293 2566 a
325 2508 496 2568 scholiastis
528 2507 649 2567 Horatii
681 2509 759 2584 epesi.
787 2507 818 2566 H
847 2510 880 2585 2,
909 2509 964 2567 60:
1007 2499 1097 2568 ‘Bion

164 2605 399 2666 mordacissimis
431 2603 568 2666 versibus
600 2608 648 2665 est
673 2623 748 2668 usus
781 2605 891 2683 quihus
923 2606 968 2666 ita
995 2623 1097 2665 omnes

81 2702 227 2763 laceravit
248 2705 286 2762 nt
308 2721 345 2762 ne
368 2702 499 2763 Homero
524 2701 645 2780 quidem
667 2695 817 2778 parceret’
842 2695 949 2784 (schol.
969 2696 1096 2784 Oruqu)

80 2803 110 2860 et
132 2793 228 2858 ‘Bion
257 2800 311 2877 qni
335 2799 484 2877 sophistes
512 2799 742 2879 cognominatus
771 2804 818 2861 est
846 2801 877 2860 in
905 2800 983 2860 libro
1007 2819 1097 2879 quem

80 2896 174 2956 edidit
201 2897 436 2957 mordacissimis
463 2896 578 2958 salibus
606 2916 643 2957 ea
671 2918 749 2976 quae
780 2899 862 2976 apud
890 2901 997 2975 poetae
1025 2902 1097 2958 sunt

81 2995 123 3054 ita
154 2994 303 3054 laceravit
335 2999 372 3054 ut
399 3014 435 3055 ne
464 2994 595 3055 Homero
628 2997 751 3072 quidem
781 2989 939 3075 parceret'.
986 2995 1097 3073 quibus

82 3089 179 3152 verbis
210 3092 351 3170 magistri
378 3092 474 3170 inepti
501 3092 533 3152 id
559 3112 614 3170 pro
643 3111 697 3154 sno
727 3097 820 3171 captu
847 3091 989 3153 exhibent
1016 3092 1097 3170 quod

83 3191 232 3268 legerunt,
256 3188 368 3254 librum
390 3189 624 3250 mordacissimis
647 3191 762 3252 sahbus
784 3196 816 3251 et
839 3189 1006 3250 Homericis
1028 3209 1097 3268 par·

83 3285 157 3346 odiis
180 3286 328 3347 refertum
352 3287 563 3365 conscripsisse
587 3288 720 3348 Bionsm.

97 3398 412 3508 *h‘ci'iaan.‚
431 3441 465 3496 οι
482 3440 558 3496 lite.
577 3439 652 3495 ecee.
672 3455 695 3494 e.
711 3445 744 3493 10
762 3458 790 3510 p.
810 3441 860 3509 ev,
883 3441 916 3497 a
930 3441 1045 3512 parea.
1064 3442 1096 3496 ιι

83 3521 143 3574 cist.
162 3535 186 3574 c.
207 3525 238 3574 ιι
259 3535 287 3588 p.
306 3519 359 3573 82¹
385 3519 445 3588 (nbi
463 3519 493 3574 in
511 3518 592 3574 libris
612 3519 730 3582 Βίαντος
749 3521 825 3590 qnod
844 3535 954 3576 eemre
972 3536 1028 3576 non
1047 3521 1095 3576 de·

85 3598 145 3653 buit
161 3597 310 3668 Hercher);
330 3599 417 3668 stab„
435 3601 495 3668 flor.
515 3599 554 3655 IV
572 3605 618 3667 ete
638 3599 703 3667 cie..
726 3600 806 3658 Tusa.
825 3599 866 3656 111
883 3606 926 3668 26,
946 3607 989 3656 62.
