2548 4004
558 217 778 280 ..12-

158 382 246 442 rhoni
267 380 392 459 eiusque
411 381 620 459 philosophiae
640 380 763 441 dederet
786 385 817 440 et
840 381 960 441 Elidem
981 383 1180 462 transmigra·
1261 419 1262 449 t

159 483 207 539 ret
226 471 277 560 (cf.
292 480 326 540 L.
340 480 376 538 D.
392 481 411 538 l.
426 472 464 560 s.)
484 499 553 540 cum
572 497 674 556 uxore,
694 495 730 536 ex
745 497 806 555 qua
821 479 865 538 ibi
878 478 955 540 duos
969 479 1049 541 filios
1064 483 1181 559 genuit.
1262 517 1263 559 p

162 596 293 654 quorum
310 581 387 638 natu
405 578 550 638 maiorem
560 568 586 658 ¹)
605 572 719 634 Xanthi
737 576 857 636 nomine
875 582 1019 639 vocatum
1032 578 1183 639 medicam
1262 562 1263 573 ί

160 679 258 734 artem
277 675 414 736 docuisse
433 675 567 736 traditur
586 693 604 732 a
623 673 745 733 Laertio
767 675 839 734 109.
868 693 903 734 ex
924 693 984 752 qno
1003 675 1069 736 loco
1088 680 1182 754 rocta,

160 773 282 852 opinor,
313 763 428 852 poteris
458 791 527 832 cum
554 772 695 849 Menagio
724 768 867 849 colligere
897 768 1053 833 Timonem
1080 774 1183 850 ipsum

96 949 99 956 Ι
159 869 307 930 medicam
331 874 428 932 artem
449 871 621 948 professum
644 859 756 952 esaei),
786 871 965 946 praesertim
988 889 1057 930 cum
1079 875 1182 948 poste-

159 969 255 1030 riores
277 967 404 1046 sceptici
426 970 589 1045 utramque
612 970 721 1045 artam,
746 970 777 1026 et
798 967 1049 1044 philosophorum
1070 972 1102 1028 et
1118 985 1182 1027 me·
1225 1011 1229 1022 .

160 1065 305 1144 dicorum‚
327 1066 444 1143 pariter
462 1056 656 1146 calluerint³)
678 1068 711 1124 et
729 1063 877 1124 a‘Galono
896 1065 928 1123 in
945 1065 1183 1140 Subfiyrcrottcnc

160 1166 300 1238 ενψίιίοο
323 1165 389 1223 loco
409 1164 541 1241 quodam
559 1153 736 1243 corrupto‘)
759 1160 959 1239 probabiliter
979 1163 1060 1223 inter
1077 1167 1181 1240 patro-

160 1277 215 1320 nos
234 1263 265 1321 et
283 1253 433 1341 ἀρχηγοὺς
450 1261 636 1321 medicorum
655 1245 868 1337 empiricorum
887 1259 994 1320 'innon
1017 1253 1082 1338 ipse
1105 1263 1182 1320 alla-

160 1362 211 1418 tas
239 1359 289 1418 sit.
335 1359 500 1436 Pyrrhonis
528 1376 600 1420 vero
628 1359 731 1418 extitit
758 1356 926 1434 discipulus
957 1354 1121 1418 fidissimus
1149 1364 1183 1420 et

160 1475 215 1533 per
236 1460 335 1517 totam
358 1457 453 1516 vitam
475 1458 508 1515 in
531 1456 596 1516 eius
616 1455 815 1516 admiratione
833 1448 1081 1538 perseveraris).
1109 1462 1183 1534 post

160 1555 280 1632 aliquot
297 1558 400 1615 mmen
419 1571 513 1615 annos
533 1557 669 1632 egestate
688 1557 810 1614 coactus
833 1557 894 1632 est,
917 1558 954 1614 ut
977 1573 1013 1613 ex
1035 1554 1124 1632 urbo,
1147 1555 1181 1613 in

161 1671 223 1728 qua
251 1671 352 1712 omnes
375 1651 549 1728 philosophi
570 1645 682 1732 o'tsslctpe
704 1643 933 1733 fruebanturb,
962 1638 1121 1712 decederet
1148 1656 1181 1712 et

161 1750 194 1808 in
225 1749 460 1826 Hellespontum
490 1752 524 1808 et
554 1745 770 1825 Propontidem
799 1749 956 1825 proibetus
986 1747 1182 1809 chalcedone

161 1840 345 1924 σοφιστεύων
367 1865 427 1906 non
450 1847 531 1904 fama
553 1847 676 1905 tantum
696 1833 810 1923 magna
832 1846 990 1923 inclaruit,
1014 1846 1180 1906 sedetiam

161 1945 275 2004 multas
300 1961 370 2020 opes
394 1943 453 2002 sibi
476 1943 667 2020 comparavit
685 1934 784 2023 (1.1).
801 1935 888 2024 110).
922 1957 982 2019 quo
1006 1943 1090 2021 facto
1111 1960 1183 2003 cum

162 2040 298 2100 Athenas
326 2057 358 2098 se
386 2040 581 2118 contulisset,
613 2039 657 2100 ibi
688 2040 751 2098 fore
778 2041 874 2134 uitam
901 2040 986 2118 degit
1013 2059 1109 2118 usque
1142 2042 1183 2102 ad

235 2257 261 2324 1)
280 2255 358 2310 Natu
376 2253 514 2310 minorem
532 2249 623 2308 'filium
641 2249 745 2308 littoris
763 2253 930 2310 inclaruisse
942 2253 1025 2310 addit
1037 2245 1185 2326 Diogenen

163 2339 227 2403 109,
256 2335 335 2390 ouius
362 2333 450 2390 verba
474 2333 515 2388 sic
539 2333 687 2389 scribenda
710 2335 776 2388 sunt
797 2335 901 2396 παῖδες
916 2377 922 2390 .
938 2372 959 2402 .,
989 2326 1029 2389 ὧν
1052 2331 1104 2390 τὸν
1128 2335 1182 2406 μὲν

161 2411 352 2484 πρεσβύτερον
366 2412 488 2474 Ξάνθον
503 2408 619 2468 ἐκάλεσε
635 2415 685 2468 aul
699 2407 828 2483 ἰατρικήν
848 2408 961 2482 ἐδίδαξε
979 2415 1028 2470 τινί
1043 2413 1181 2486 διιίδοχον

161 2495 213 2548 τοῦ
233 2495 296 2566 βίον
315 2493 478 2562 κατέλιπεν,
502 2489 517 2548 ὁ
538 2490 569 2547 δὲ
589 2494 698 2561 (Τίμων
718 2493 797 2548 deest
815 2494 845 2547 in
860 2493 955 2566 libris)
973 2490 1118 2565 ἐλλόγιμος
1136 2487 1182 2564 ἦν,

162 2569 199 2637 ὡς
217 2572 267 2628 nol
281 2575 398 2628 Σωτίων
413 2569 445 2628 ἐν
459 2573 497 2648 τῷ
513 2567 659 2645 ἑνδεκάτῳ
672 2574 767 2642 φησίν.
797 2575 872 2642 quod
891 2592 954 2630 oum
975 2576 1052 2632 recle
1070 2573 1182 2631 intelle-

160 2653 248 2708 xisset
266 2651 502 2709 Wilamouitnius
520 2669 548 2723 p.
568 2658 616 2720 33,
641 2655 742 2722 postea
764 2655 802 2724 (p.
820 2656 869 2723 41)
892 2655 1038 2725 accipre
1062 2651 1184 2711 descivit

162 2732 290 2804 relapsus
310 2733 347 2790 ad
365 2735 512 2805 vulgarem
530 2749 666 2802 errorem,
686 2751 720 2788 ex
738 2749 794 2802 qno
813 2750 831 2787 a
847 2735 941 2790 verbio
956 2729 972 2789 δ
986 2733 1020 2790 dl
1035 2730 1183 2806 ἐλλόγιμος

160 2829 267 2868 novum
284 2811 424 2883 incipiunt
438 2812 625 2882 enuntiatum,
644 2829 699 2882 quo
718 2813 753 2869 de
772 2812 889 2869 Timone
907 2813 970 2885 ipso
990 2815 1109 2874 dicatur.

235 2895 264 2964 1)
283 2893 407 2948 Zellerus
428 2892 542 2962 quidem
561 2888 675 2959 ἐδίδαξε
699 2893 736 2948 ad
759 2889 877 2948 aliorum
895 2890 1096 2964 magistrorum
1114 2895 1183 2951 edu·

162 2974 303 3030 cationem
317 2973 416 3030 referri
431 2991 514 3045 posse
529 2972 650 3029 credidit
669 2974 741 3043 (aar.
753 2973 822 3043 phil.
838 2973 892 3050 cr..
901 2973 941 3027 Ill
953 2974 983 3028 1³
996 2993 1022 3044 p.
1033 2979 1085 3030 483
1100 2979 1181 3046 n.'2);

162 3055 211 3110 sed
233 3055 310 3110 recte
334 3053 363 3109 ei
386 3055 512 3110 oblocuti
534 3055 600 3109 sunt
619 3053 775 3121 Boumatos,
799 3055 832 3108 dc
852 3052 954 3110 Geloni
970 3056 1067 3125 subto.
1086 3059 1181 3126 sulpio.

160 3153 188 3204 p.
210 3140 242 3190 13
263 3138 293 3190 et
310 3135 459 3205 Hiraelius,
483 3135 589 3190 Ualero.
609 3149 645 3190 aa
664 3131 720 3189 Cic.
737 3133 807 3202 pail.
827 3133 905 3189 arar.
924 3134 964 3188 III
981 3153 1009 3205 p.
1029 3141 1072 3192 11.

193 3246 196 3251 -
220 3215 261 3284 ’3)
281 3213 322 3269 Of.
341 3215 435 3270 Ritter
453 3217 483 3270 et
500 3215 607 3270 Preller
625 3216 644 3272 l.
664 3231 685 3268 s.
704 3231 732 3284 p.
747 3211 809 3283 hilp
828 3211 913 3286 Hace,
931 3215 965 3270 dc
978 3215 1079 3285 philos.
1098 3224 1182 3287 crept.

161 3309 233 3350 caco.
252 3312 280 3364 p.
300 3300 335 3350 84
349 3311 390 3365 sq.
796 3295 799 3300 “

232 3376 260 3444 4)
280 3393 307 3445 p.
328 3379 371 3444 36,
392 3382 426 3432 10
445 3375 488 3432 cd.
507 3375 617 3431 Bonnet
635 3375 654 3430 l.
673 3393 693 3430 e.
774 3369 782 3382 '

235 3454 263 3523 ὅ)
283 3453 323 3510 cf.
342 3453 474 3510 Aristocl.
498 3473 543 3526 ap.
562 3453 663 3510 Euseb.
689 3473 716 3525 p.
738 3451 805 3510 761¹)
824 3457 854 3510 et
873 3459 951 3523 76303
975 3455 1004 3512 L.
1024 3454 1057 3510 D.
1077 3457 1115 3511 1X
1135 3464 1182 3529 693

166 3532 243 3590 Suid.
261 3549 288 3590 v,
311 3537 406 3605 Τίμων
425 3539 453 3591 et
473 3536 615 3590 σιλλαίνει.

237 3613 548 3686 umanum
