2542 3996
530 445 632 504 LVIH

117 561 342 650 γραμματική,
364 565 423 649 τής
446 559 488 629 οὗ
511 587 560 641 τις
582 559 756 648 α’νασκοπή
781 557 855 630 οὐδ’
882 559 1072 650 άνάδρησις

118 663 220 754 άνδρί
244 668 475 758 διδασκομένφ
503 665 680 734 Φοινικικὰ
704 665 833 754 σήματα
857 667 1011 754 Κάδμου.

141 887 228 930 nnsn.
249 870 520 948 SextusEmpir.
532 869 598 931 adv.
608 871 825 931 maihem.152
836 889 899 948 sqq.
910 864 1022 931 οὐκοῦν
1031 875 1090 932 τῶν

73 961 300 1046 χρησιμωτάτων
317 960 336 1047 ή
354 961 583 1048 γραμματιστική
605 959 698 1049 (quae
719 969 751 1028 in
769 969 943 1028 liternum
961 969 1090 1028 elemen-

72 1065 111 1125 tis
136 1057 293 1147 versetur)
296 1111 395 1126 .....
423 1064 517 1125 καίτοι
546 1058 630 1138 δόξαι
653 1061 691 1126 άν
713 1081 788 1125 τισιν
811 1062 858 1125 έπί
880 1067 932 1143 τής
955 1063 1089 1139 ἐναντίας

73 1155 151 1223 εἶναι
177 1156 357 1242 προλήψεως
380 1154 396 1223 ὁ
419 1155 574 1241 προφήτης
598 1165 657 1222 τῶν
680 1156 846 1242 Πύρρωνος
868 1155 965 1242 λόγων
990 1162 1090 1241 Τίμων

73 1257 105 1320 έν
125 1252 172 1332 οἷς
187 1274 275 1338 φησι·
300 1252 504 1339 «γραμματική
522 1291 559 1300 -
576 1253 734 1336 Κάδμου».
768 1252 804 1320 οὖ
823 1253 883 1338 μήν
902 1253 995 1333 οὕτως
1014 1257 1090 1339 ἔχειν

73 1356 219 1434 φαίνεται.
265 1349 298 1418 τὰ
326 1350 382 1436 γὰρ
405 1348 457 1416 ὑπ’
483 1349 576 1416 αὐτοῦ
602 1347 761 1437 λεγόμενον
789 1350 845 1417 οὐκ
872 1353 930 1417 ἔστι
957 1360 1091 1418 τοιοῦτον

73 1447 141 1515 κατ’
172 1448 264 1532 αὐτῆς
290 1455 342 1532 τής
369 1455 627 1533 γραμματιστικής,
659 1447 730 1514 καθ’
761 1446 801 1531 ήν
829 1448 1028 1514 ’διδάσκεταά
1056 1448 1091 1514 τὰ

73 1545 245 1613 ’Φοινικικὰ
259 1545 374 1630 σήματα
388 1544 539 1629 Κάδμου’,
556 1544 589 1612 τὰ
609 1543 743 1629 ὀὐδεμία
757 1548 835 1611 ἐστίν
848 1544 1002 1630 άνασκοπή
1020 1544 1087 1613 οὐδ’

75 1641 261 1728 ὰνάθρησις’
278 1691 373 1710 .....
392 1641 464 1708 άλλὰ
483 1651 593 1726 μᾶλλον
611 1643 725 1709 τοιοῦτό
744 1662 830 1726 φησι·
855 1642 1038 1727 ’διδαχθέντι
1055 1643 1091 1709 τὰ

77 1739 235 1808 Φοινικικὰ
258 1739 372 1826 σήματα
395 1737 524 1822 Κάδμου
548 1738 688 1824 οὐδεμιᾶς
710 1740 800 1823 άλίης
821 1739 902 1824 παρὰ
924 1739 1010 1806 τοῦτό
1033 1744 1092 1807 ἐστι

76 1847 277 1924 γραμματικῆς
299 1838 488 1923 ἐπιστροφή,
511 1837 583 1921 ὅπερ
606 1840 796 1923 καταστρέφει
815 1837 870 1905 οὰκ
888 1843 929 1916 είς
946 1837 978 1905 τὸ
1001 1837 1092 1923 άχρη-

77 1946 155 2002 στεῖν
177 1935 288 2020 ταάτην
309 1935 365 2020 τήν
388 1939 420 2001 έν
442 1945 503 2013 τοῖς
526 1939 677 2018 στοιχείοις
698 1938 749 2000 καί
770 1944 810 2026 τῷ
834 1935 873 2001 δι’
899 1935 997 2002 αὐτῶν
1020 1935 1092 2021 γρά-

78 2059 147 2114 φειν
169 2060 199 2099 τε
221 2036 272 2098 καὶ
294 2031 509 2119 ἀναγινώσκειν
537 2035 750 2116 θεωρουμένην
773 2032 846 2098 ἀλλὰ
868 2033 923 2117 τήν
945 2036 1093 2118 νέρτερον

77 2132 126 2194 καί
144 2133 373 2217 περιεργοτέραν.
409 2129 429 2215 ή
450 2131 503 2215 μὲν
520 2128 576 2216 γὰρ
594 2137 654 2195 τῶν
673 2134 823 2213 στοιχείων
846 2138 948 2214 χρῆσις
970 2129 1091 2215 ἤπειγεν

78 2231 118 2304 είς
141 2225 198 2310 τήν
218 2236 272 2294 τοῦ
294 2233 364 2312 βίου
383 2226 579 2320 διεξαγωγήν,
601 2225 633 2293 τὰ
653 2227 686 2291 δέ
704 2225 743 2310 μή
764 2225 920 2310 άρκεῖσθαι
937 2234 972 2313 τή
991 2229 1023 2291 έκ
1042 2235 1093 2310 τῆς

78 2323 307 2410 παρατηρήσεως
333 2324 445 2392 τούτων
473 2323 648 2408 παραδόσει,
676 2322 954 2406 προσεπιδεικνάναι
977 2325 1025 2404 δέ,
1054 2322 1093 2402 ὰς

78 2421 147 2486 τάδε
165 2423 219 2505 μέν
238 2425 296 2487 ἐστι
315 2421 473 2504 φωνάεντα
490 2429 524 2508 τῇ
542 2420 639 2503 φύσει,
657 2419 727 2486 τάδε
746 2422 778 2486 δὲ
792 2420 951 2504 σύμφωνα,
970 2423 1020 2485 καί
1033 2429 1093 2486 τῶν

79 2521 259 2599 φωναένεων
276 2517 311 2584 τά
331 2519 384 2604 μὲν
398 2517 487 2603 φάσει
500 2520 624 2604 βραχέα,
643 2516 677 2583 τὰ
696 2519 729 2582 δὲ
744 2517 856 2602 μακρά,
874 2516 909 2583 τὰ
924 2518 957 2583 δὲ
971 2523 1094 2602 δίχρονα

79 2618 127 2681 καί
144 2614 232 2682 κοινὰ
250 2614 364 2702 μήκους
381 2642 411 2682 τε
429 2619 480 2682 καί
499 2625 640 2700 συστολῆς
657 2618 708 2682 καί
726 2614 861 2682 καθόλου
875 2614 910 2682 τὰ
924 2615 1012 2682 λοιπὰ
1026 2619 1094 2700 περί

80 2707 122 2778 ὧν
148 2717 181 2780 οί
206 2715 404 2796 τετυφωμένοι
438 2721 497 2779 τῶν
530 2722 737 2799 γραμματικῶν
764 2712 957 2779 διδάσκουσιν
989 2711 1094 2802 (deest

81 2817 209 2896 aliquid,
232 2819 319 2879 velut
341 2820 426 2879 τοῦτο
449 2808 612 2898 άχρηστεῖ).

148 2967 175 3005 v.
197 2957 211 3006 1
231 2952 281 3020 τῆς
299 2967 353 3006 om.
374 2951 394 3006 O

168 3155 265 3198 οοτια.
298 3137 358 3208 Qui
385 3138 558 3198 litterarum
586 3138 735 3198 elementa
758 3135 877 3215 didicit,
907 3133 984 3194 nihil
1006 3138 1095 3195 curet

81 3236 310 3314 grammaticen
336 3236 422 3296 illem
449 3236 629 3312 doctrinam,
663 3233 695 3292 in
727 3251 788 3311 que
816 3231 978 3294 excolenda
1005 3230 1096 3291 mulii

81 3334 204 3396 fuerunt
228 3335 316 3394 stoici
338 3335 499 3413 insigniter
521 3349 667 3411 caepere
686 3330 722 3392 de
742 3331 870 3392 seientia
890 3329 1096 3409 promovenda

80 3431 192 3510 monii,
217 3429 271 3490 sed
294 3431 419 3492 Timone
442 3430 541 3491 iudice
564 3430 641 3489 nihil
665 3433 796 3508 agentes.
