<?xml version="1.0" encoding="UTF-8"?>
<!DOCTYPE html PUBLIC "-//W3C//DTD XHTML 1.0 Transitional//EN"
    "http://www.w3.org/TR/xhtml1/DTD/xhtml1-transitional.dtd">
<html xmlns="http://www.w3.org/1999/xhtml" xml:lang="en" lang="en">
 <head>
  <title>
</title>
<meta http-equiv="Content-Type" content="text/html;charset=utf-8" />
  <meta name='ocr-system' content='tesseract 3.04.00' />
  <meta name='ocr-capabilities' content='ocr_page ocr_carea ocr_par ocr_line ocrx_word'/>
</head>
<body>
  <div class='ocr_page' id='page_1' title='image "./sillographorumg00wachgoog_0087.png"; bbox 0 0 2544 3998; ppageno 0'>
   <div class='ocr_carea' id='block_1_1' title="bbox 559 225 778 290">
    <p class='ocr_par' dir='ltr' id='par_1_1' title="bbox 559 225 778 290">
     <span class='ocr_line' id='line_1_1' title="bbox 559 225 778 290; baseline 0.005 -20"><span class='ocrx_word' id='word_1_1' title='bbox 559 225 778 290; x_wconf 71' lang='lat'>-84-</span> 
     </span>
    </p>
   </div>
   <div class='ocr_carea' id='block_1_2' title="bbox 161 388 1262 1982">
    <p class='ocr_par' dir='ltr' id='par_1_2' title="bbox 161 388 1187 568">
     <span class='ocr_line' id='line_1_2' title="bbox 161 388 1187 468; baseline -0.003 -18"><span class='ocrx_word' id='word_1_2' title='bbox 161 411 199 450; x_wconf 89' lang='lat' dir='ltr'>ne</span> <span class='ocrx_word' id='word_1_3' title='bbox 222 410 276 468; x_wconf 89' lang='lat' dir='ltr'>per</span> <span class='ocrx_word' id='word_1_4' title='bbox 303 389 448 467; x_wconf 89' lang='lat' dir='ltr'>temporis</span> <span class='ocrx_word' id='word_1_5' title='bbox 473 389 594 466; x_wconf 85' lang='lat' dir='ltr'>quidem</span> <span class='ocrx_word' id='word_1_6' title='bbox 616 389 749 448; x_wconf 90' lang='lat' dir='ltr'>rationes</span> <span class='ocrx_word' id='word_1_7' title='bbox 772 389 874 467; x_wconf 85' lang='lat' dir='ltr'>licuit,</span> <span class='ocrx_word' id='word_1_8' title='bbox 905 408 974 449; x_wconf 91' lang='lat' dir='ltr'>cum</span> <span class='ocrx_word' id='word_1_9' title='bbox 1003 388 1065 448; x_wconf 88' lang='lat' dir='ltr'>silli</span> <span class='ocrx_word' id='word_1_10' title='bbox 1087 407 1106 447; x_wconf 91' lang='lat' dir='ltr'>a</span> <span class='ocrx_word' id='word_1_11' title='bbox 1131 389 1187 448; x_wconf 79' lang='lat' dir='ltr'>&#39;Pi-</span> 
     </span>
     <span class='ocr_line' id='line_1_3' title="bbox 161 477 1069 568; baseline -0.002 -20"><span class='ocrx_word' id='word_1_12' title='bbox 161 508 250 548; x_wconf 92' lang='lat' dir='ltr'>mone</span> <span class='ocrx_word' id='word_1_13' title='bbox 273 507 356 548; x_wconf 89' lang='lat' dir='ltr'>sene</span> <span class='ocrx_word' id='word_1_14' title='bbox 381 486 583 547; x_wconf 75' lang='lat' dir='ltr'>scriberentur</span> <span class='ocrx_word' id='word_1_15' title='bbox 605 477 648 566; x_wconf 82' lang='lat' dir='ltr'>(v.</span> <span class='ocrx_word' id='word_1_16' title='bbox 667 503 760 563; x_wconf 90' lang='lat' dir='ltr'>supra</span> <span class='ocrx_word' id='word_1_17' title='bbox 782 507 811 562; x_wconf 87' lang='lat' dir='ltr'>p.</span> <span class='ocrx_word' id='word_1_18' title='bbox 832 489 872 546; x_wconf 88' lang='lat'>13</span> <span class='ocrx_word' id='word_1_19' title='bbox 893 490 925 548; x_wconf 87' lang='lat' dir='ltr'>st</span> <span class='ocrx_word' id='word_1_20' title='bbox 943 491 984 547; x_wconf 84' lang='lat'>41</span> <span class='ocrx_word' id='word_1_21' title='bbox 1001 479 1069 568; x_wconf 56' lang='lat' dir='ltr'>sq).</span> 
     </span>
    </p>

    <p class='ocr_par' dir='ltr' id='par_1_3' title="bbox 161 583 1188 1246">
     <span class='ocr_line' id='line_1_4' title="bbox 229 583 1188 663; baseline -0.002 -19"><span class='ocrx_word' id='word_1_22' title='bbox 229 586 278 644; x_wconf 86' lang='lat' dir='ltr'>Ad</span> <span class='ocrx_word' id='word_1_23' title='bbox 296 585 432 663; x_wconf 89' lang='lat' dir='ltr'>Menippi</span> <span class='ocrx_word' id='word_1_24' title='bbox 453 583 610 661; x_wconf 85' lang='lat' dir='ltr'>popularis</span> <span class='ocrx_word' id='word_1_25' title='bbox 634 583 786 660; x_wconf 86' lang='lat' dir='ltr'>exemplar</span> <span class='ocrx_word' id='word_1_26' title='bbox 807 585 898 660; x_wconf 88' lang='lat' dir='ltr'>plane</span> <span class='ocrx_word' id='word_1_27' title='bbox 922 603 954 644; x_wconf 90' lang='lat' dir='ltr'>se</span> <span class='ocrx_word' id='word_1_28' title='bbox 976 585 1188 645; x_wconf 79' lang='lat' dir='ltr'><strong>conformasse</strong></span> 
     </span>
     <span class='ocr_line' id='line_1_5' title="bbox 162 663 1187 761; baseline -0.003 -17"><span class='ocrx_word' id='word_1_29' title='bbox 162 685 284 745; x_wconf 87' lang='lat' dir='ltr'>videtur</span> <span class='ocrx_word' id='word_1_30' title='bbox 312 683 497 760; x_wconf 80' lang='lat' dir='ltr'>Meleager</span> <span class='ocrx_word' id='word_1_31' title='bbox 525 673 738 761; x_wconf 82' lang='lat' dir='ltr'>Gadarensis¹)</span> <span class='ocrx_word' id='word_1_32' title='bbox 772 663 894 758; x_wconf 79' lang='lat' dir='ltr'>cynices</span> <span class='ocrx_word' id='word_1_33' title='bbox 927 685 1026 742; x_wconf 87' lang='lat' dir='ltr'>sectae</span> <span class='ocrx_word' id='word_1_34' title='bbox 1057 686 1089 740; x_wconf 90' lang='lat' dir='ltr'>et</span> <span class='ocrx_word' id='word_1_35' title='bbox 1116 681 1187 758; x_wconf 91' lang='lat' dir='ltr'>ipse</span> 
     </span>
     <span class='ocr_line' id='line_1_6' title="bbox 163 778 1188 856; baseline -0.001 -15"><span class='ocrx_word' id='word_1_36' title='bbox 163 782 315 841; x_wconf 86' lang='lat' dir='ltr'>addictus:</span> <span class='ocrx_word' id='word_1_37' title='bbox 338 779 472 856; x_wconf 90' lang='lat' dir='ltr'>Menippi</span> <span class='ocrx_word' id='word_1_38' title='bbox 491 779 572 837; x_wconf 89' lang='lat' dir='ltr'>enim</span> <span class='ocrx_word' id='word_1_39' title='bbox 591 779 745 836; x_wconf 90' lang='lat' dir='ltr'>aemulum</span> <span class='ocrx_word' id='word_1_40' title='bbox 763 778 826 838; x_wconf 84' lang='lat' dir='ltr'>sive</span> <span class='ocrx_word' id='word_1_41' title='bbox 844 779 977 854; x_wconf 89' lang='lat' dir='ltr'>primum</span> <span class='ocrx_word' id='word_1_42' title='bbox 1000 780 1063 839; x_wconf 85' lang='lat' dir='ltr'>sive</span> <span class='ocrx_word' id='word_1_43' title='bbox 1084 797 1188 854; x_wconf 90' lang='lat' dir='ltr'>paene</span> 
     </span>
     <span class='ocr_line' id='line_1_7' title="bbox 162 874 1186 958; baseline -0.004 -18"><span class='ocrx_word' id='word_1_44' title='bbox 162 880 348 958; x_wconf 79' lang='lat' dir='ltr'>singularem</span> <span class='ocrx_word' id='word_1_45' title='bbox 370 896 431 937; x_wconf 93' lang='lat' dir='ltr'>non</span> <span class='ocrx_word' id='word_1_46' title='bbox 454 877 553 936; x_wconf 91' lang='lat' dir='ltr'>solum</span> <span class='ocrx_word' id='word_1_47' title='bbox 575 876 640 951; x_wconf 89' lang='lat' dir='ltr'>ipse</span> <span class='ocrx_word' id='word_1_48' title='bbox 663 892 694 934; x_wconf 90' lang='lat' dir='ltr'>se</span> <span class='ocrx_word' id='word_1_49' title='bbox 717 874 905 951; x_wconf 88' lang='lat' dir='ltr'>praedicavit</span> <span class='ocrx_word' id='word_1_50' title='bbox 927 876 960 936; x_wconf 90' lang='lat' dir='ltr'>in</span> <span class='ocrx_word' id='word_1_51' title='bbox 981 876 1186 954; x_wconf 88' lang='lat' dir='ltr'>epigramma-</span> 
     </span>
     <span class='ocr_line' id='line_1_8' title="bbox 161 972 1188 1052; baseline -0.004 -16"><span class='ocrx_word' id='word_1_52' title='bbox 161 977 202 1037; x_wconf 88' lang='lat' dir='ltr'>tis</span> <span class='ocrx_word' id='word_1_53' title='bbox 235 973 367 1052; x_wconf 81' lang='lat' dir='ltr'>duobus,</span> <span class='ocrx_word' id='word_1_54' title='bbox 400 991 478 1050; x_wconf 91' lang='lat' dir='ltr'>quae</span> <span class='ocrx_word' id='word_1_55' title='bbox 509 974 655 1051; x_wconf 89' lang='lat' dir='ltr'>leguntur</span> <span class='ocrx_word' id='word_1_56' title='bbox 686 972 717 1030; x_wconf 93' lang='lat' dir='ltr'>in</span> <span class='ocrx_word' id='word_1_57' title='bbox 750 972 929 1052; x_wconf 77' lang='lat' dir='ltr'>anthologia</span> <span class='ocrx_word' id='word_1_58' title='bbox 955 973 1099 1034; x_wconf 85' lang='lat' dir='ltr'>Palatina</span> <span class='ocrx_word' id='word_1_59' title='bbox 1121 973 1188 1032; x_wconf 89' lang='lat' dir='ltr'>VH</span> 
     </span>
     <span class='ocr_line' id='line_1_9' title="bbox 162 1062 1188 1152; baseline -0.004 -18"><span class='ocrx_word' id='word_1_60' title='bbox 162 1076 226 1134; x_wconf 83' lang='grc'>417</span> <span class='ocrx_word' id='word_1_61' title='bbox 248 1076 279 1131; x_wconf 90' lang='grc'>01</span> <span class='ocrx_word' id='word_1_62' title='bbox 297 1062 411 1152; x_wconf 79' lang='lat'>418²),</span> <span class='ocrx_word' id='word_1_63' title='bbox 435 1071 487 1132; x_wconf 86' lang='lat' dir='ltr'>sed</span> <span class='ocrx_word' id='word_1_64' title='bbox 510 1071 631 1131; x_wconf 91' lang='lat' dir='ltr'>Diocles</span> <span class='ocrx_word' id='word_1_65' title='bbox 655 1069 747 1129; x_wconf 88' lang='lat' dir='ltr'>etiam</span> <span class='ocrx_word' id='word_1_66' title='bbox 769 1070 835 1130; x_wconf 92' lang='lat' dir='ltr'>loco</span> <span class='ocrx_word' id='word_1_67' title='bbox 858 1071 920 1130; x_wconf 89' lang='lat' dir='ltr'>iam</span> <span class='ocrx_word' id='word_1_68' title='bbox 943 1090 1035 1148; x_wconf 86' lang='lat' dir='ltr'>supra</span> <span class='ocrx_word' id='word_1_69' title='bbox 1058 1062 1101 1152; x_wconf 82' lang='lat' dir='ltr'>(p.</span> <span class='ocrx_word' id='word_1_70' title='bbox 1125 1063 1188 1152; x_wconf 86' lang='grc'>78)</span> 
     </span>
     <span class='ocr_line' id='line_1_10' title="bbox 163 1167 1123 1246; baseline -0.003 -15"><span class='ocrx_word' id='word_1_71' title='bbox 163 1169 315 1246; x_wconf 86' lang='lat' dir='ltr'>adscripto</span> <span class='ocrx_word' id='word_1_72' title='bbox 338 1169 499 1246; x_wconf 83' lang='lat' dir='ltr'>Menippea</span> <span class='ocrx_word' id='word_1_73' title='bbox 522 1187 591 1227; x_wconf 91' lang='lat' dir='ltr'>cum</span> <span class='ocrx_word' id='word_1_74' title='bbox 613 1167 760 1245; x_wconf 82' lang='lat' dir='ltr'>Meleagri</span> <span class='ocrx_word' id='word_1_75' title='bbox 783 1169 903 1246; x_wconf 88' lang='lat' dir='ltr'>scriptis</span> <span class='ocrx_word' id='word_1_76' title='bbox 926 1169 1123 1246; x_wconf 84' lang='lat' dir='ltr'>comparavit.</span> 
     </span>
    </p>

    <p class='ocr_par' dir='ltr' id='par_1_4' title="bbox 162 1261 1262 1982">
     <span class='ocr_line' id='line_1_11' title="bbox 230 1261 1187 1344; baseline 0.002 -20"><span class='ocrx_word' id='word_1_77' title='bbox 230 1266 333 1344; x_wconf 88' lang='lat' dir='ltr'>Atque</span> <span class='ocrx_word' id='word_1_78' title='bbox 360 1268 410 1327; x_wconf 77' lang='lat' dir='ltr'>rel</span> <span class='ocrx_word' id='word_1_79' title='bbox 436 1267 468 1325; x_wconf 92' lang='lat' dir='ltr'>in</span> <span class='ocrx_word' id='word_1_80' title='bbox 495 1266 588 1326; x_wconf 89' lang='lat' dir='ltr'>titulo</span> <span class='ocrx_word' id='word_1_81' title='bbox 613 1266 704 1326; x_wconf 92' lang='lat' dir='ltr'>unius</span> <span class='ocrx_word' id='word_1_82' title='bbox 729 1267 840 1327; x_wconf 86' lang='lat' dir='ltr'>satirae</span> <span class='ocrx_word' id='word_1_83' title='bbox 865 1267 914 1326; x_wconf 91' lang='lat' dir='ltr'>cui</span> <span class='ocrx_word' id='word_1_84' title='bbox 936 1261 1113 1344; x_wconf 65' lang='lat' dir='ltr'>Zoparistos</span> <span class='ocrx_word' id='word_1_85' title='bbox 1137 1268 1187 1326; x_wconf 90' lang='lat' dir='ltr'>in·</span> 
     </span>
     <span class='ocr_line' id='line_1_12' title="bbox 163 1356 1187 1444; baseline 0.001 -20"><span class='ocrx_word' id='word_1_86' title='bbox 163 1356 317 1444; x_wconf 75' lang='lat' dir='ltr'>soripSIt³)</span> <span class='ocrx_word' id='word_1_87' title='bbox 340 1364 517 1440; x_wconf 87' lang='lat' dir='ltr'>Menippum</span> <span class='ocrx_word' id='word_1_88' title='bbox 539 1363 678 1424; x_wconf 88' lang='lat' dir='ltr'>imitatus</span> <span class='ocrx_word' id='word_1_89' title='bbox 697 1369 756 1425; x_wconf 87' lang='lat' dir='ltr'>est:</span> <span class='ocrx_word' id='word_1_90' title='bbox 779 1364 811 1424; x_wconf 81' lang='lat' dir='ltr'>id</span> <span class='ocrx_word' id='word_1_91' title='bbox 832 1383 953 1442; x_wconf 92' lang='lat' dir='ltr'>quoque</span> <span class='ocrx_word' id='word_1_92' title='bbox 971 1363 1105 1424; x_wconf 90' lang='lat' dir='ltr'>notabile</span> <span class='ocrx_word' id='word_1_93' title='bbox 1127 1370 1187 1444; x_wconf 89' lang='lat' dir='ltr'>est,</span> 
     </span>
     <span class='ocr_line' id='line_1_13' title="bbox 163 1454 1186 1542; baseline 0.002 -22"><span class='ocrx_word' id='word_1_94' title='bbox 163 1460 245 1538; x_wconf 84' lang='lat' dir='ltr'>quod</span> <span class='ocrx_word' id='word_1_95' title='bbox 269 1461 302 1519; x_wconf 92' lang='lat' dir='ltr'>in</span> <span class='ocrx_word' id='word_1_96' title='bbox 326 1461 452 1520; x_wconf 88' lang='lat' dir='ltr'>alterius</span> <span class='ocrx_word' id='word_1_97' title='bbox 476 1460 587 1520; x_wconf 90' lang='lat' dir='ltr'>satirae</span> <span class='ocrx_word' id='word_1_98' title='bbox 611 1454 781 1542; x_wconf 62' lang='grc' dir='ltr'><strong><em>Χαρίιων41</em></strong></span> <span class='ocrx_word' id='word_1_99' title='bbox 809 1463 980 1539; x_wconf 85' lang='lat' dir='ltr'>fragmento</span> <span class='ocrx_word' id='word_1_100' title='bbox 1003 1461 1186 1522; x_wconf 83' lang='lat' dir='ltr'>Homericae</span> 
     </span>
     <span class='ocr_line' id='line_1_14' title="bbox 162 1558 1187 1637; baseline 0.001 -19"><span class='ocrx_word' id='word_1_101' title='bbox 162 1558 423 1634; x_wconf 74' lang='lat' dir='ltr'>interpretationis</span> <span class='ocrx_word' id='word_1_102' title='bbox 451 1558 601 1635; x_wconf 84' lang='lat' dir='ltr'>specimen</span> <span class='ocrx_word' id='word_1_103' title='bbox 627 1560 788 1637; x_wconf 88' lang='lat' dir='ltr'>proposuit</span> <span class='ocrx_word' id='word_1_104' title='bbox 815 1559 896 1636; x_wconf 90' lang='lat' dir='ltr'>quod</span> <span class='ocrx_word' id='word_1_105' title='bbox 923 1560 1014 1635; x_wconf 90' lang='lat' dir='ltr'>plane</span> <span class='ocrx_word' id='word_1_106' title='bbox 1041 1559 1187 1636; x_wconf 80' lang='lat' dir='ltr'>cynicum</span> 
     </span>
     <span class='ocr_line' id='line_1_15' title="bbox 162 1648 1188 1737; baseline 0.006 -24"><span class='ocrx_word' id='word_1_107' title='bbox 162 1655 320 1733; x_wconf 82' lang='lat' dir='ltr'>ingenium</span> <span class='ocrx_word' id='word_1_108' title='bbox 338 1648 497 1737; x_wconf 60' lang='lat' dir='ltr'>redoletl).</span> <span class='ocrx_word' id='word_1_109' title='bbox 535 1656 674 1733; x_wconf 83' lang='lat' dir='ltr'>cynicum</span> <span class='ocrx_word' id='word_1_110' title='bbox 691 1676 763 1717; x_wconf 78' lang='lat' dir='ltr'>vero</span> <span class='ocrx_word' id='word_1_111' title='bbox 785 1675 963 1734; x_wconf 88' lang='lat' dir='ltr'>germanum</span> <span class='ocrx_word' id='word_1_112' title='bbox 985 1657 1078 1717; x_wconf 88' lang='lat' dir='ltr'>etiam</span> <span class='ocrx_word' id='word_1_113' title='bbox 1100 1659 1188 1734; x_wconf 84' lang='lat' dir='ltr'>sapIt</span> 
     </span>
     <span class='ocr_line' id='line_1_16' title="bbox 163 1753 1186 1830; baseline 0.003 -18"><span class='ocrx_word' id='word_1_114' title='bbox 163 1753 274 1814; x_wconf 90' lang='lat' dir='ltr'>titulus</span> <span class='ocrx_word' id='word_1_115' title='bbox 288 1754 398 1814; x_wconf 88' lang='lat' dir='ltr'>tertiae</span> <span class='ocrx_word' id='word_1_116' title='bbox 417 1754 529 1814; x_wconf 90' lang='lat' dir='ltr'>satirae</span> <span class='ocrx_word' id='word_1_117' title='bbox 549 1754 635 1813; x_wconf 89' lang='lat' dir='ltr'>cuius</span> <span class='ocrx_word' id='word_1_118' title='bbox 652 1754 730 1812; x_wconf 90' lang='lat' dir='ltr'>nihil</span> <span class='ocrx_word' id='word_1_119' title='bbox 747 1757 870 1830; x_wconf 83' lang='lat' dir='ltr'>praeter</span> <span class='ocrx_word' id='word_1_120' title='bbox 882 1754 1011 1814; x_wconf 89' lang='lat' dir='ltr'>titulum</span> <span class='ocrx_word' id='word_1_121' title='bbox 1025 1758 1186 1815; x_wconf 87' lang='lat' dir='ltr'>servatum</span> 
     </span>
     <span class='ocr_line' id='line_1_17' title="bbox 163 1843 1262 1982; baseline 0.002 -72"><span class='ocrx_word' id='word_1_122' title='bbox 163 1852 301 1912; x_wconf 78' lang='grc' dir='ltr'><strong><em>Λεκίθου</em></strong></span> <span class='ocrx_word' id='word_1_123' title='bbox 324 1849 373 1910; x_wconf 73' lang='grc' dir='ltr'><strong><em>καὶ</em></strong></span> <span class='ocrx_word' id='word_1_124' title='bbox 397 1853 497 1929; x_wconf 81' lang='grc' dir='ltr'><strong><em>φακῆς</em></strong></span> <span class='ocrx_word' id='word_1_125' title='bbox 520 1843 712 1932; x_wconf 56' lang='grc' dir='ltr'><strong><em>σύγκρισιςθ).</em></strong></span> <span class='ocrx_word' id='word_1_126' title='bbox 1261 1897 1262 1982; x_wconf 62' lang='grc'>1</span> 
     </span>
    </p>
   </div>
   <div class='ocr_carea' id='block_1_3' title="bbox 162 2009 1261 3682">
    <p class='ocr_par' dir='ltr' id='par_1_5' title="bbox 162 2009 1261 2334">
     <span class='ocr_line' id='line_1_18' title="bbox 164 2009 1261 2090; baseline 0.001 -16"><span class='ocrx_word' id='word_1_127' title='bbox 164 2019 284 2088; x_wconf 79' lang='lat' dir='ltr'>Mcaipp</span> <span class='ocrx_word' id='word_1_128' title='bbox 297 2021 357 2075; x_wconf 77' lang='lat' dir='ltr'>aad</span> <span class='ocrx_word' id='word_1_129' title='bbox 371 2021 468 2074; x_wconf 82' lang='grc' dir='ltr'><strong><em>Ηονοι</em></strong></span> <span class='ocrx_word' id='word_1_130' title='bbox 483 2020 575 2089; x_wconf 85' lang='grc'>(1871)</span> <span class='ocrx_word' id='word_1_131' title='bbox 596 2019 642 2088; x_wconf 81' lang='lat' dir='ltr'>(cf.</span> <span class='ocrx_word' id='word_1_132' title='bbox 657 2021 744 2075; x_wconf 85' lang='lat' dir='ltr'>etiam</span> <span class='ocrx_word' id='word_1_133' title='bbox 758 2019 858 2090; x_wconf 92' lang='lat' dir='ltr'>philol.</span> <span class='ocrx_word' id='word_1_134' title='bbox 875 2019 980 2074; x_wconf 86' lang='lat' dir='ltr'>XXXII</span> <span class='ocrx_word' id='word_1_135' title='bbox 993 2038 1020 2089; x_wconf 89' lang='lat' dir='ltr'>p.</span> <span class='ocrx_word' id='word_1_136' title='bbox 1032 2024 1084 2074; x_wconf 85' lang='grc'>744</span> <span class='ocrx_word' id='word_1_137' title='bbox 1095 2023 1184 2090; x_wconf 84' lang='lat' dir='ltr'>sqq.):</span> <span class='ocrx_word' id='word_1_138' title='bbox 1254 2009 1261 2088; x_wconf 76' lang='grc'>1</span> 
     </span>
     <span class='ocr_line' id='line_1_19' title="bbox 163 2098 1184 2170; baseline 0.001 -16"><span class='ocrx_word' id='word_1_139' title='bbox 163 2117 236 2169; x_wconf 88' lang='lat' dir='ltr'>quae</span> <span class='ocrx_word' id='word_1_140' title='bbox 255 2099 350 2154; x_wconf 91' lang='lat' dir='ltr'>omnia</span> <span class='ocrx_word' id='word_1_141' title='bbox 367 2099 476 2154; x_wconf 81' lang='lat' dir='ltr'>futtilia</span> <span class='ocrx_word' id='word_1_142' title='bbox 494 2115 555 2154; x_wconf 88' lang='lat' dir='ltr'>esse</span> <span class='ocrx_word' id='word_1_143' title='bbox 574 2098 731 2170; x_wconf 83' lang='lat' dir='ltr'>significavi</span> <span class='ocrx_word' id='word_1_144' title='bbox 751 2100 864 2156; x_wconf 71' lang='grc' dir='ltr'><strong><em>Ῥίιὲίοί.</em></strong></span> <span class='ocrx_word' id='word_1_145' title='bbox 875 2099 957 2155; x_wconf 65' lang='lat' dir='ltr'>Aac!</span> <span class='ocrx_word' id='word_1_146' title='bbox 970 2100 1008 2154; x_wconf 89' lang='lat' dir='ltr'>IV</span> <span class='ocrx_word' id='word_1_147' title='bbox 1023 2118 1051 2170; x_wconf 90' lang='lat' dir='ltr'>p.</span> <span class='ocrx_word' id='word_1_148' title='bbox 1064 2107 1184 2170; x_wconf 84' lang='lat' dir='ltr'>196sqq.</span> 
     </span>
     <span class='ocr_line' id='line_1_20' title="bbox 235 2177 1185 2251; baseline 0.003 -18"><span class='ocrx_word' id='word_1_149' title='bbox 235 2182 261 2250; x_wconf 91' lang='lat'>1)</span> <span class='ocrx_word' id='word_1_150' title='bbox 282 2177 322 2233; x_wconf 80' lang='lat' dir='ltr'>Of.</span> <span class='ocrx_word' id='word_1_151' title='bbox 338 2179 449 2235; x_wconf 85' lang='lat' dir='ltr'>Riesius</span> <span class='ocrx_word' id='word_1_152' title='bbox 463 2197 490 2248; x_wconf 88' lang='lat' dir='ltr'>p.</span> <span class='ocrx_word' id='word_1_153' title='bbox 506 2184 572 2248; x_wconf 87' lang='lat' dir='ltr'>8sq.</span> <span class='ocrx_word' id='word_1_154' title='bbox 592 2180 622 2233; x_wconf 86' lang='lat' dir='ltr'>et</span> <span class='ocrx_word' id='word_1_155' title='bbox 635 2198 663 2249; x_wconf 89' lang='lat' dir='ltr'>p.</span> <span class='ocrx_word' id='word_1_156' title='bbox 674 2185 734 2248; x_wconf 78' lang='lat'>246,</span> <span class='ocrx_word' id='word_1_157' title='bbox 752 2179 802 2236; x_wconf 87' lang='lat' dir='ltr'>nbi</span> <span class='ocrx_word' id='word_1_158' title='bbox 819 2179 1003 2248; x_wconf 86' lang='lat' dir='ltr'>paucissimas</span> <span class='ocrx_word' id='word_1_159' title='bbox 1022 2179 1083 2234; x_wconf 87' lang='lat' dir='ltr'>eins</span> <span class='ocrx_word' id='word_1_160' title='bbox 1101 2197 1185 2251; x_wconf 89' lang='lat' dir='ltr'>prae-</span> 
     </span>
     <span class='ocr_line' id='line_1_21' title="bbox 162 2258 1260 2334; baseline -0.003 -18"><span class='ocrx_word' id='word_1_161' title='bbox 162 2263 206 2316; x_wconf 90' lang='lat' dir='ltr'>ter</span> <span class='ocrx_word' id='word_1_162' title='bbox 225 2261 431 2332; x_wconf 84' lang='lat' dir='ltr'>epigrammata</span> <span class='ocrx_word' id='word_1_163' title='bbox 448 2258 583 2328; x_wconf 83' lang='lat' dir='ltr'>relianas</span> <span class='ocrx_word' id='word_1_164' title='bbox 602 2258 736 2315; x_wconf 85' lang='lat' dir='ltr'>collectas</span> <span class='ocrx_word' id='word_1_165' title='bbox 755 2258 851 2315; x_wconf 88' lang='lat' dir='ltr'>habes.</span> <span class='ocrx_word' id='word_1_166' title='bbox 1259 2331 1260 2334; x_wconf 9' lang='grc'>1</span> 
     </span>
    </p>

    <p class='ocr_par' dir='ltr' id='par_1_6' title="bbox 162 2334 1260 3682">
     <span class='ocr_line' id='line_1_22' title="bbox 234 2334 1260 2413; baseline -0.002 -17"><span class='ocrx_word' id='word_1_167' title='bbox 234 2345 262 2410; x_wconf 78' lang='lat'>2)</span> <span class='ocrx_word' id='word_1_168' title='bbox 281 2346 342 2407; x_wconf 88' lang='grc'>417,</span> <span class='ocrx_word' id='word_1_169' title='bbox 354 2346 407 2394; x_wconf 86' lang='grc'>3.4</span> <span class='ocrx_word' id='word_1_170' title='bbox 422 2334 575 2407; x_wconf 76' lang='grc' dir='ltr'><strong><em>Εὖκροίιεω</em></strong></span> <span class='ocrx_word' id='word_1_171' title='bbox 591 2334 620 2393; x_wconf 81' lang='lat' dir='ltr'>o’</span> <span class='ocrx_word' id='word_1_172' title='bbox 632 2336 767 2411; x_wconf 75' lang='grc' dir='ltr'><strong><em>ἔβλαστον</em></strong></span> <span class='ocrx_word' id='word_1_173' title='bbox 781 2334 796 2392; x_wconf 84' lang='grc' dir='ltr'><strong>ὁ</strong></span> <span class='ocrx_word' id='word_1_174' title='bbox 812 2335 864 2393; x_wconf 76' lang='grc' dir='ltr'>σὺν</span> <span class='ocrx_word' id='word_1_175' title='bbox 873 2334 1006 2401; x_wconf 76' lang='grc' dir='ltr'><strong><em>Μούσαις</em></strong></span> <span class='ocrx_word' id='word_1_176' title='bbox 1014 2338 1187 2409; x_wconf 76' lang='grc' dir='ltr'><strong><em>Μελέαγρος</em></strong></span> <span class='ocrx_word' id='word_1_177' title='bbox 1259 2335 1260 2413; x_wconf 92' lang='grc'>1</span> 
     </span>
     <span class='ocr_line' id='line_1_23' title="bbox 459 2415 1128 2487; baseline 0.004 -16"><span class='ocrx_word' id='word_1_178' title='bbox 459 2418 556 2487; x_wconf 78' lang='grc' dir='ltr'><strong><em>πρῶτα</em></strong></span> <span class='ocrx_word' id='word_1_179' title='bbox 574 2419 771 2480; x_wconf 78' lang='grc' dir='ltr'><strong><em>Μενιπιιείαις</em></strong></span> <span class='ocrx_word' id='word_1_180' title='bbox 789 2415 980 2487; x_wconf 75' lang='grc' dir='ltr'><strong><em>σννιροχοίσας</em></strong></span> <span class='ocrx_word' id='word_1_181' title='bbox 998 2415 1128 2487; x_wconf 80' lang='grc' dir='ltr'><strong><em>Χάρισιν.</em></strong></span> 
     </span>
     <span class='ocr_line' id='line_1_24' title="bbox 279 2491 1259 2568; baseline 0.001 -17"><span class='ocrx_word' id='word_1_182' title='bbox 279 2504 341 2567; x_wconf 88' lang='grc'>418,</span> <span class='ocrx_word' id='word_1_183' title='bbox 352 2503 377 2553; x_wconf 81' lang='lat'>5.</span> <span class='ocrx_word' id='word_1_184' title='bbox 389 2504 405 2553; x_wconf 87' lang='grc'><strong>6</strong></span> <span class='ocrx_word' id='word_1_185' title='bbox 419 2498 535 2552; x_wconf 82' lang='grc' dir='ltr'><strong><em>Μοῦσαι</em></strong></span> <span class='ocrx_word' id='word_1_186' title='bbox 546 2494 575 2550; x_wconf 77' lang='grc' dir='ltr'>δ’</span> <span class='ocrx_word' id='word_1_187' title='bbox 583 2495 627 2552; x_wconf 81' lang='grc' dir='ltr'>είν</span> <span class='ocrx_word' id='word_1_188' title='bbox 636 2494 740 2567; x_wconf 75' lang='grc' dir='ltr'><strong><em>ὀλίγοις</em></strong></span> <span class='ocrx_word' id='word_1_189' title='bbox 748 2516 792 2568; x_wconf 83' lang='grc' dir='ltr'>με,</span> <span class='ocrx_word' id='word_1_190' title='bbox 800 2491 1184 2568; x_wconf 72' lang='grc' dir='ltr'><strong><em>τὸνΕὖιράτεωΜελέαγρον</em></strong></span> <span class='ocrx_word' id='word_1_191' title='bbox 1258 2533 1259 2552; x_wconf 56' lang='lat' dir='ltr'>r</span> 
     </span>
     <span class='ocr_line' id='line_1_25' title="bbox 459 2557 1259 2648; baseline -0.001 -18"><span class='ocrx_word' id='word_1_192' title='bbox 459 2578 549 2630; x_wconf 82' lang='grc' dir='ltr'><strong><em>παῖδα</em></strong></span> <span class='ocrx_word' id='word_1_193' title='bbox 567 2578 762 2639; x_wconf 66' lang='lat' dir='ltr'>Mercurialem</span> <span class='ocrx_word' id='word_1_194' title='bbox 779 2571 919 2645; x_wconf 75' lang='grc' dir='ltr'><strong><em>ἡγλιίϊσαν</em></strong></span> <span class='ocrx_word' id='word_1_195' title='bbox 938 2573 1067 2648; x_wconf 76' lang='grc' dir='ltr'>Χάρισιν,</span> <span class='ocrx_word' id='word_1_196' title='bbox 1258 2557 1259 2629; x_wconf 75' lang='lat' dir='ltr'>i</span> 
     </span>
     <span class='ocr_line' id='line_1_26' title="bbox 165 2654 1258 2722; baseline 0.003 -11"><span class='ocrx_word' id='word_1_197' title='bbox 165 2657 255 2712; x_wconf 87' lang='lat' dir='ltr'>altero</span> <span class='ocrx_word' id='word_1_198' title='bbox 273 2654 336 2711; x_wconf 87' lang='lat' dir='ltr'>loco</span> <span class='ocrx_word' id='word_1_199' title='bbox 356 2658 550 2717; x_wconf 80' lang='grc' dir='ltr'><strong><em>Μενιπιιείαις</em></strong></span> <span class='ocrx_word' id='word_1_200' title='bbox 574 2655 736 2711; x_wconf 86' lang='lat' dir='ltr'>coniectura</span> <span class='ocrx_word' id='word_1_201' title='bbox 758 2657 870 2711; x_wconf 82' lang='lat' dir='ltr'>tantum</span> <span class='ocrx_word' id='word_1_202' title='bbox 893 2657 944 2711; x_wconf 82' lang='lat' dir='ltr'>aad</span> <span class='ocrx_word' id='word_1_203' title='bbox 967 2658 1045 2712; x_wconf 85' lang='lat' dir='ltr'>certa</span> <span class='ocrx_word' id='word_1_204' title='bbox 1062 2659 1096 2712; x_wconf 85' lang='lat' dir='ltr'>ut</span> <span class='ocrx_word' id='word_1_205' title='bbox 1113 2658 1184 2714; x_wconf 93' lang='lat' dir='ltr'>mihi</span> <span class='ocrx_word' id='word_1_206' title='bbox 1257 2715 1258 2722; x_wconf 17' lang='lat'>¹</span> 
     </span>
     <span class='ocr_line' id='line_1_27' title="bbox 165 2734 1037 2805; baseline -0.002 -15"><span class='ocrx_word' id='word_1_207' title='bbox 165 2735 277 2790; x_wconf 82' lang='lat' dir='ltr'>videtur</span> <span class='ocrx_word' id='word_1_208' title='bbox 294 2734 458 2790; x_wconf 83' lang='lat' dir='ltr'>restitutum</span> <span class='ocrx_word' id='word_1_209' title='bbox 477 2737 521 2790; x_wconf 86' lang='lat' dir='ltr'>est</span> <span class='ocrx_word' id='word_1_210' title='bbox 539 2750 556 2787; x_wconf 86' lang='lat' dir='ltr'>a</span> <span class='ocrx_word' id='word_1_211' title='bbox 573 2735 606 2789; x_wconf 82' lang='lat' dir='ltr'>L.</span> <span class='ocrx_word' id='word_1_212' title='bbox 624 2735 772 2791; x_wconf 77' lang='lat' dir='ltr'>Holstenio</span> <span class='ocrx_word' id='word_1_213' title='bbox 790 2751 841 2805; x_wconf 87' lang='lat' dir='ltr'>pro</span> <span class='ocrx_word' id='word_1_214' title='bbox 860 2736 1037 2804; x_wconf 79' lang='grc' dir='ltr'><strong><em>Μελητείοις.</em></strong></span> 
     </span>
     <span class='ocr_line' id='line_1_28' title="bbox 236 2814 646 2884; baseline 0.007 -15"><span class='ocrx_word' id='word_1_215' title='bbox 236 2819 263 2884; x_wconf 86' lang='grc'>3)</span> <span class='ocrx_word' id='word_1_216' title='bbox 283 2815 325 2870; x_wconf 83' lang='lat' dir='ltr'>cf.</span> <span class='ocrx_word' id='word_1_217' title='bbox 344 2815 447 2870; x_wconf 87' lang='lat' dir='ltr'>Athen.</span> <span class='ocrx_word' id='word_1_218' title='bbox 466 2814 506 2868; x_wconf 91' lang='lat' dir='ltr'>XI</span> <span class='ocrx_word' id='word_1_219' title='bbox 526 2833 553 2884; x_wconf 90' lang='lat' dir='ltr'>p.</span> <span class='ocrx_word' id='word_1_220' title='bbox 574 2821 646 2872; x_wconf 72' lang='lat'>5020.</span> 
     </span>
     <span class='ocr_line' id='line_1_29' title="bbox 236 2893 1257 2966; baseline 0.001 -16"><span class='ocrx_word' id='word_1_221' title='bbox 236 2901 263 2965; x_wconf 89' lang='lat'>4)</span> <span class='ocrx_word' id='word_1_222' title='bbox 283 2896 435 2966; x_wconf 87' lang='lat' dir='ltr'>Perperam</span> <span class='ocrx_word' id='word_1_223' title='bbox 457 2895 578 2950; x_wconf 90' lang='lat' dir='ltr'>coniecit</span> <span class='ocrx_word' id='word_1_224' title='bbox 594 2895 738 2952; x_wconf 87' lang='lat' dir='ltr'>Iacobsins</span> <span class='ocrx_word' id='word_1_225' title='bbox 761 2896 869 2965; x_wconf 90' lang='lat' dir='ltr'>proleg.</span> <span class='ocrx_word' id='word_1_226' title='bbox 895 2893 933 2948; x_wconf 82' lang='lat' dir='ltr'>ad</span> <span class='ocrx_word' id='word_1_227' title='bbox 950 2893 1184 2951; x_wconf 66' lang='lat' dir='ltr'>annotasti</span> <span class='ocrx_word' id='word_1_228' title='bbox 1256 2905 1257 2908; x_wconf 76' lang='grc'>’</span> 
     </span>
     <span class='ocr_line' id='line_1_30' title="bbox 165 2972 1183 3048; baseline 0.001 -18"><span class='ocrx_word' id='word_1_229' title='bbox 165 2997 191 3048; x_wconf 81' lang='lat' dir='ltr'>p.</span> <span class='ocrx_word' id='word_1_230' title='bbox 205 2975 324 3031; x_wconf 79' lang='lat' dir='ltr'>xxvnr</span> <span class='ocrx_word' id='word_1_231' title='bbox 341 2972 463 3045; x_wconf 62' lang='grc' dir='ltr'><strong><em>Χάρης</em></strong></span> <span class='ocrx_word' id='word_1_232' title='bbox 481 2976 536 3030; x_wconf 77' lang='lat' dir='ltr'>aa</span> <span class='ocrx_word' id='word_1_233' title='bbox 555 2975 705 3030; x_wconf 70' lang='lat' dir='ltr'>sanaem</span> <span class='ocrx_word' id='word_1_234' title='bbox 722 2973 889 3044; x_wconf 65' lang='lat' dir='ltr'>ascriptum</span> <span class='ocrx_word' id='word_1_235' title='bbox 907 2973 994 3028; x_wconf 79' lang='lat' dir='ltr'>fuisse</span> <span class='ocrx_word' id='word_1_236' title='bbox 1013 2973 1183 3031; x_wconf 67' lang='lat' dir='ltr'>consonans.</span> 
     </span>
     <span class='ocr_line' id='line_1_31' title="bbox 237 3047 1185 3127; baseline -0.003 -15"><span class='ocrx_word' id='word_1_237' title='bbox 237 3060 264 3127; x_wconf 81' lang='grc'>1))</span> <span class='ocrx_word' id='word_1_238' title='bbox 289 3054 330 3112; x_wconf 80' lang='lat' dir='ltr'>Of.</span> <span class='ocrx_word' id='word_1_239' title='bbox 349 3053 451 3112; x_wconf 83' lang='lat' dir='ltr'>Athen.</span> <span class='ocrx_word' id='word_1_240' title='bbox 470 3054 510 3110; x_wconf 89' lang='lat' dir='ltr'>IV</span> <span class='ocrx_word' id='word_1_241' title='bbox 527 3074 554 3124; x_wconf 90' lang='lat' dir='ltr'>p.</span> <span class='ocrx_word' id='word_1_242' title='bbox 576 3053 643 3110; x_wconf 76' lang='lat'><strong>157¹&gt;</strong></span> <span class='ocrx_word' id='word_1_243' title='bbox 666 3052 832 3123; x_wconf 71' lang='grc' dir='ltr'><strong><em>Μελέαγρος</em></strong></span> <span class='ocrx_word' id='word_1_244' title='bbox 855 3048 870 3107; x_wconf 85' lang='grc' dir='ltr'><em>ὃ</em></span> <span class='ocrx_word' id='word_1_245' title='bbox 892 3047 1041 3122; x_wconf 75' lang='grc' dir='ltr'><strong><em>Γαδαρεὺς</em></strong></span> <span class='ocrx_word' id='word_1_246' title='bbox 1067 3047 1098 3107; x_wconf 82' lang='grc' dir='ltr'>ίν</span> <span class='ocrx_word' id='word_1_247' title='bbox 1122 3060 1185 3116; x_wconf 82' lang='grc' dir='ltr'><strong><em>ταῖς</em></strong></span> 
     </span>
     <span class='ocr_line' id='line_1_32' title="bbox 165 3128 1184 3206; baseline 0.001 -17"><span class='ocrx_word' id='word_1_248' title='bbox 165 3132 287 3206; x_wconf 79' lang='grc' dir='ltr'><strong><em>Χάρισιν</em></strong></span> <span class='ocrx_word' id='word_1_249' title='bbox 307 3130 551 3205; x_wconf 76' lang='grc' dir='ltr'><strong><em>ἐπιγραφομέναις</em></strong></span> <span class='ocrx_word' id='word_1_250' title='bbox 570 3132 626 3205; x_wconf 80' lang='grc' dir='ltr'>ἔφη</span> <span class='ocrx_word' id='word_1_251' title='bbox 645 3130 695 3188; x_wconf 77' lang='grc' dir='ltr'>τὸν</span> <span class='ocrx_word' id='word_1_252' title='bbox 708 3129 832 3204; x_wconf 81' lang='grc' dir='ltr'><strong><em>’Όμηρον</em></strong></span> <span class='ocrx_word' id='word_1_253' title='bbox 847 3130 944 3202; x_wconf 78' lang='grc' dir='ltr'><strong><em>Σύρον</em></strong></span> <span class='ocrx_word' id='word_1_254' title='bbox 964 3128 1036 3186; x_wconf 82' lang='grc' dir='ltr'><strong><em>ὄντα</em></strong></span> <span class='ocrx_word' id='word_1_255' title='bbox 1052 3129 1184 3203; x_wconf 78' lang='grc' dir='ltr'><strong><em>τὸγένος</em></strong></span> 
     </span>
     <span class='ocr_line' id='line_1_33' title="bbox 165 3206 1185 3284; baseline -0.001 -15"><span class='ocrx_word' id='word_1_256' title='bbox 165 3211 237 3270; x_wconf 79' lang='grc' dir='ltr'><strong><em>κατὰ</em></strong></span> <span class='ocrx_word' id='word_1_257' title='bbox 269 3211 304 3267; x_wconf 83' lang='grc' dir='ltr'>τὰ</span> <span class='ocrx_word' id='word_1_258' title='bbox 328 3212 434 3284; x_wconf 77' lang='grc' dir='ltr'><strong><em>πάτρια</em></strong></span> <span class='ocrx_word' id='word_1_259' title='bbox 463 3209 573 3283; x_wconf 72' lang='grc' dir='ltr'><strong><em>ἰχθύαν</em></strong></span> <span class='ocrx_word' id='word_1_260' title='bbox 601 3209 796 3282; x_wconf 75' lang='grc' dir='ltr'><strong><em>ἀπεχομένους</em></strong></span> <span class='ocrx_word' id='word_1_261' title='bbox 824 3213 941 3281; x_wconf 81' lang='grc' dir='ltr'><strong><em>ποιῆσαι</em></strong></span> <span class='ocrx_word' id='word_1_262' title='bbox 969 3206 1035 3274; x_wconf 69' lang='grc' dir='ltr'><strong><em>τοὺς</em></strong></span> <span class='ocrx_word' id='word_1_263' title='bbox 1060 3208 1185 3283; x_wconf 76' lang='grc' dir='ltr'><strong><em>Ἀχαιούς</em></strong></span> 
     </span>
     <span class='ocr_line' id='line_1_34' title="bbox 166 3286 1184 3362; baseline 0.002 -16"><span class='ocrx_word' id='word_1_264' title='bbox 166 3293 218 3362; x_wconf 91' lang='lat' dir='ltr'>(sic</span> <span class='ocrx_word' id='word_1_265' title='bbox 232 3291 389 3346; x_wconf 87' lang='lat' dir='ltr'>Meinekins</span> <span class='ocrx_word' id='word_1_266' title='bbox 408 3309 459 3362; x_wconf 89' lang='lat' dir='ltr'>pro</span> <span class='ocrx_word' id='word_1_267' title='bbox 477 3289 624 3362; x_wconf 77' lang='grc' dir='ltr'><strong><em>ἄρχαίοις)</em></strong></span> <span class='ocrx_word' id='word_1_268' title='bbox 644 3294 794 3362; x_wconf 75' lang='grc' dir='ltr'><strong><em>δαψιλείας</em></strong></span> <span class='ocrx_word' id='word_1_269' title='bbox 813 3292 915 3361; x_wconf 82' lang='grc' dir='ltr'><strong><em>πολλῆς</em></strong></span> <span class='ocrx_word' id='word_1_270' title='bbox 934 3286 1021 3360; x_wconf 74' lang='grc' dir='ltr'><strong><em>οὔσης</em></strong></span> <span class='ocrx_word' id='word_1_271' title='bbox 1039 3289 1115 3346; x_wconf 78' lang='grc' dir='ltr'><strong><em>κατὰ</em></strong></span> <span class='ocrx_word' id='word_1_272' title='bbox 1134 3291 1184 3348; x_wconf 83' lang='grc' dir='ltr'>τὸν</span> 
     </span>
     <span class='ocr_line' id='line_1_35' title="bbox 162 3367 1185 3444; baseline 0.002 -18"><span class='ocrx_word' id='word_1_273' title='bbox 162 3367 368 3440; x_wconf 81' lang='grc' dir='ltr'><strong><em>Ἑλλήσποντον</em></strong></span> <span class='ocrx_word' id='word_1_274' title='bbox 387 3373 433 3440; x_wconf 85' lang='lat' dir='ltr'>(cf.</span> <span class='ocrx_word' id='word_1_275' title='bbox 449 3373 577 3428; x_wconf 86' lang='lat' dir='ltr'>Eustath.</span> <span class='ocrx_word' id='word_1_276' title='bbox 596 3373 627 3426; x_wconf 90' lang='lat' dir='ltr'>in</span> <span class='ocrx_word' id='word_1_277' title='bbox 645 3371 677 3427; x_wconf 90' lang='grc' dir='ltr'>Π,</span> <span class='ocrx_word' id='word_1_278' title='bbox 692 3377 717 3426; x_wconf 80' lang='grc' dir='ltr'><em>Α</em></span> <span class='ocrx_word' id='word_1_279' title='bbox 734 3390 762 3441; x_wconf 92' lang='lat' dir='ltr'>p.</span> <span class='ocrx_word' id='word_1_280' title='bbox 777 3377 839 3441; x_wconf 87' lang='lat'><strong>868,</strong></span> <span class='ocrx_word' id='word_1_281' title='bbox 851 3377 883 3426; x_wconf 76' lang='lat'>15</span> <span class='ocrx_word' id='word_1_282' title='bbox 903 3373 946 3427; x_wconf 87' lang='lat' dir='ltr'>sd.</span> <span class='ocrx_word' id='word_1_283' title='bbox 959 3373 1060 3441; x_wconf 81' lang='lat' dir='ltr'>Rom).</span> <span class='ocrx_word' id='word_1_284' title='bbox 1090 3373 1125 3428; x_wconf 88' lang='lat' dir='ltr'>de</span> <span class='ocrx_word' id='word_1_285' title='bbox 1141 3391 1185 3444; x_wconf 88' lang='lat' dir='ltr'>ey·</span> 
     </span>
     <span class='ocr_line' id='line_1_36' title="bbox 165 3449 1183 3522; baseline 0.002 -16"><span class='ocrx_word' id='word_1_286' title='bbox 165 3452 230 3506; x_wconf 87' lang='lat' dir='ltr'>nica</span> <span class='ocrx_word' id='word_1_287' title='bbox 243 3449 359 3504; x_wconf 86' lang='lat' dir='ltr'>Homeri</span> <span class='ocrx_word' id='word_1_288' title='bbox 373 3449 605 3521; x_wconf 85' lang='lat' dir='ltr'>interpretatione</span> <span class='ocrx_word' id='word_1_289' title='bbox 625 3450 660 3506; x_wconf 87' lang='grc'>01.</span> <span class='ocrx_word' id='word_1_290' title='bbox 675 3467 748 3522; x_wconf 87' lang='lat' dir='ltr'>quae</span> <span class='ocrx_word' id='word_1_291' title='bbox 762 3467 846 3520; x_wconf 89' lang='lat' dir='ltr'>supra</span> <span class='ocrx_word' id='word_1_292' title='bbox 859 3470 886 3521; x_wconf 90' lang='lat' dir='ltr'>p.</span> <span class='ocrx_word' id='word_1_293' title='bbox 898 3457 931 3508; x_wconf 82' lang='grc'>69</span> <span class='ocrx_word' id='word_1_294' title='bbox 946 3452 1010 3507; x_wconf 85' lang='lat' dir='ltr'>adn.</span> <span class='ocrx_word' id='word_1_295' title='bbox 1025 3458 1041 3506; x_wconf 82' lang='lat'>2</span> <span class='ocrx_word' id='word_1_296' title='bbox 1060 3453 1183 3510; x_wconf 84' lang='lat' dir='ltr'>laudavi.</span> 
     </span>
     <span class='ocr_line' id='line_1_37' title="bbox 239 3527 1184 3602; baseline 0.004 -18"><span class='ocrx_word' id='word_1_297' title='bbox 239 3532 265 3599; x_wconf 85' lang='grc'>6)</span> <span class='ocrx_word' id='word_1_298' title='bbox 286 3527 326 3584; x_wconf 88' lang='lat' dir='ltr'>cf.</span> <span class='ocrx_word' id='word_1_299' title='bbox 341 3530 442 3585; x_wconf 86' lang='lat' dir='ltr'>Athen.</span> <span class='ocrx_word' id='word_1_300' title='bbox 462 3530 481 3587; x_wconf 91' lang='lat'>1.</span> <span class='ocrx_word' id='word_1_301' title='bbox 501 3550 522 3586; x_wconf 90' lang='lat' dir='ltr'>s.</span> <span class='ocrx_word' id='word_1_302' title='bbox 542 3530 610 3598; x_wconf 88' lang='lat' dir='ltr'>quid</span> <span class='ocrx_word' id='word_1_303' title='bbox 629 3532 708 3601; x_wconf 82' lang='grc' dir='ltr'><strong><em>φακῆ</em></strong></span> <span class='ocrx_word' id='word_1_304' title='bbox 729 3531 804 3600; x_wconf 86' lang='lat' dir='ltr'>apud</span> <span class='ocrx_word' id='word_1_305' title='bbox 823 3529 934 3600; x_wconf 84' lang='lat' dir='ltr'>cynicos</span> <span class='ocrx_word' id='word_1_306' title='bbox 953 3531 1083 3602; x_wconf 81' lang='lat' dir='ltr'>valuerit,</span> <span class='ocrx_word' id='word_1_307' title='bbox 1101 3549 1184 3602; x_wconf 87' lang='lat' dir='ltr'>prae-</span> 
     </span>
     <span class='ocr_line' id='line_1_38' title="bbox 166 3609 766 3682; baseline 0.005 -18"><span class='ocrx_word' id='word_1_308' title='bbox 166 3611 211 3664; x_wconf 84' lang='lat' dir='ltr'>ter</span> <span class='ocrx_word' id='word_1_309' title='bbox 229 3609 299 3665; x_wconf 83' lang='lat' dir='ltr'>allos</span> <span class='ocrx_word' id='word_1_310' title='bbox 319 3609 401 3666; x_wconf 86' lang='lat' dir='ltr'>docet</span> <span class='ocrx_word' id='word_1_311' title='bbox 420 3610 540 3666; x_wconf 79' lang='lat' dir='ltr'>Cratetis</span> <span class='ocrx_word' id='word_1_312' title='bbox 559 3610 592 3665; x_wconf 86' lang='lat' dir='ltr'>fr.</span> <span class='ocrx_word' id='word_1_313' title='bbox 614 3616 647 3665; x_wconf 89' lang='lat'>10</span> <span class='ocrx_word' id='word_1_314' title='bbox 665 3610 766 3682; x_wconf 82' lang='lat' dir='ltr'>Bergk.</span> 
     </span>
    </p>
   </div>
   <div class='ocr_carea' id='block_1_4' title="bbox 0 0 1280 3998">
    <p class='ocr_par' dir='ltr' id='par_1_7' title="bbox 0 0 1280 3998">
     <span class='ocr_line' id='line_1_39' title="bbox 0 0 1280 3998; baseline 0 0"><span class='ocrx_word' id='word_1_315' title='bbox 0 0 1280 3998; x_wconf 95' lang='lat' dir='ltr'> </span> 
     </span>
    </p>
   </div>
  </div>
 </body>
</html>
