2544 3998
570 194 788 258 „73-

236 360 301 420 Hae
335 379 406 436 ergo
438 359 618 422 versicolore
647 362 731 417 veste
759 377 778 415 a
805 357 918 434 cynicis
947 355 1193 436 σπουδογελοίοις

169 457 271 518 induti
293 457 354 517 silli
374 460 578 534 pervenerunt
596 455 634 514 ad
653 456 810 515 Timonem
828 455 1010 532 Phliasium,
1034 473 1053 512 a
1072 475 1134 532 quo
1158 456 1193 514 in

170 574 321 614 summum
343 555 501 633 fastigium
520 553 675 632 quomodo
700 554 792 614 erecti
815 553 877 612 sint
900 571 992 629 supra
1015 553 1192 612 accuratius

170 652 320 730 descripsi.

236 751 318 809 Num
339 754 442 810 autem
463 752 548 825 post
566 749 747 808 Timonem
766 767 901 828 unquam
920 749 984 808 silli
1002 747 1110 824 scripti
1129 748 1194 807 sint

172 847 305 908 dubitari
327 851 442 925 potest,
469 865 539 906 cum
562 847 649 906 nulla
672 849 754 906 certa
777 850 880 906 extent
901 846 1046 924 vestigia3
1077 845 1194 904 adsunt

169 965 240 1006 vero
267 945 379 1005 indicia
407 944 587 1021 certissima,
616 944 726 1021 quibus
753 945 900 1021 probetur
923 943 1057 1003 Timonis
1086 946 1191 1002 aetate

170 1048 292 1102 enatum
316 1047 348 1102 et
370 1042 588 1102 recentioribus
611 1043 704 1102 etiam
726 1042 912 1119 temporibus
940 1042 1097 1102 excultum
1121 1059 1190 1100 esse

169 1159 264 1218 genus
287 1159 411 1217 poeseos
439 1140 517 1199 siIIIs
545 1139 706 1199 admodum
730 1140 841 1217 simile,
865 1141 1001 1199 satiras
1025 1139 1091 1198 dico
1115 1140 1191 1197 Me·

169 1239 321 1315 nippeas
345 1239 408 1298 siue
432 1237 587 1314 cynicus

236 1336 427 1412 Menippus
443 1333 623 1394 Gadarensis
632 1325 665 1415 ¹),
681 1353 772 1411 quem
785 1329 1017 1412 σπουδογέλοιον
1032 1335 1063 1392 et
1076 1332 1189 1393 Strabo

169 1434 241 1493 XVI
257 1437 285 1510 2,
301 1435 341 1493 29
361 1454 390 1510 p.
408 1435 469 1493 759
490 1437 521 1492 et
540 1424 663 1514 (Philon
682 1424 745 1513 ap.)
766 1431 908 1508 Stephon.
927 1431 998 1508 Byz.
1018 1451 1045 1491 v.
1064 1425 1193 1509 Γάδαρα

171 1530 256 1608 dixit,
280 1531 401 1608 quando
420 1531 530 1590 vixerit
548 1551 567 1589 a
583 1520 723 1609 multis²)
747 1549 844 1606 nuper
867 1529 1039 1606 quaesitum
1063 1533 1110 1588 est
1133 1529 1190 1606 qui

170 1647 272 1688 omnes
304 1630 433 1706 profecti
466 1633 538 1688 sunt
570 1647 585 1687 e
613 1627 729 1686 Laertii
760 1627 934 1688 testimonio
963 1628 1019 1686 hoc
1044 1619 1103 1708 (VI
1128 1617 1189 1706 99)

169 1720 204 1786 ul
233 1722 265 1786 dt
292 1725 393 1806 βιβλία
420 1719 512 1786 αὐτοῦ
539 1723 736 1805 καταγέλωτος
765 1721 845 1803 γέμει
872 1724 924 1784 καί
948 1746 974 1784 τι
1001 1717 1079 1803 (κατ’
1110 1725 1190 1784 coni.

169 1824 325 1886 Heokerus
344 1826 364 1882 l.
384 1825 402 1882 i.
423 1815 460 1904 s.)
480 1815 546 1882 ἶσον
564 1827 623 1894 τοῖς
642 1815 820 1901 Μελεάγρου
840 1825 891 1882 τοῦ
909 1816 973 1882 κατ’
995 1815 1086 1882 αὐτὸν
1105 1843 1190 1900 γενο-

170 1918 269 1998 μένου,
289 1921 442 1998 Meleager
454 1939 525 1980 vero
541 1937 609 1978 curn
624 1919 789 1978 seeundum
804 1921 939 1980 scholion
954 1919 1107 1998 quoddam
1117 1939 1189 1996 pro-

170 2019 259 2078 oemii
278 2035 406 2076 coronae
423 2018 569 2096 Meleagri
587 2016 685 2076 Vatie.
706 2017 775 2076 cod:
788 2038 817 2094 p.
838 2018 878 2077 82
899 2015 947 2078 ἐπὶ
966 2011 1115 2078 Σελεύκου
1134 2019 1189 2077 τοῦ

169 2109 292 2195 ἐσχάτου
311 2107 459 2195 (93-80
474 2137 499 2175 a.
514 2107 598 2198 chr.)
616 2109 796 2198 floruerit³),
815 2117 991 2193 Menippum
1009 2115 1040 2174 in
1059 2114 1188 2174 eandem

169 2216 302 2275 aetatem
317 2214 519 2274 detruserunt.
550 2214 630 2292 qued
643 2217 807 2293 postquam
824 2215 1016 2275 intellectum
1030 2217 1077 2273 est
1094 2215 1186 2290 plane

169 2312 291 2374 admitti
314 2332 374 2373 non
392 2331 490 2391 posse,
513 2312 638 2373 diversis
657 2312 826 2373 rationibus
844 2312 959 2372 Laertii
977 2310 1188 2372 testimonium

169 2415 303 2472 evertere
327 2411 519 2489 studuerunt,
542 2409 698 2470 Heckerus
717 2411 845 2470 coniecit
862 2411 916 2470 τοῦ
933 2405 982 2468 ael
1002 2401 1094 2468 αὐτοῦ
1114 2402 1189 2486 <uo-

245 2633 271 2700 1)
291 2631 361 2686 Post
373 2631 501 2702 Leyinm,
519 2633 552 2686 de
569 2632 629 2687 aila
646 2632 808 2704 scriptisque
823 2631 955 2702 Menippi
973 2631 1064 2702 cynici
1079 2630 1188 2700 (Colon.

170 2712 250 2780 1848)
269 2711 454 2781 Fritnsehius,
478 2713 511 2767 de
527 2713 653 2782 scriptor.
672 2713 750 2766 satir.
771 2727 844 2781 spec.
864 2711 912 2766 III.
926 2711 973 2766 IV.
990 2708 1015 2764 V
1033 2710 1101 2780 (ind.
1121 2712 1187 2767 lect.

168 2792 300 2848 Roeioch.
321 2796 390 2847 1865
410 2794 439 2847 et
457 2793 502 2862 66)
520 2791 647 2862 Menippi
670 2793 758 2846 vilem
783 2793 812 2846 et
828 2790 963 2860 reliquias
987 2790 1140 2861 explicavit
1159 2794 1188 2846 et

169 2872 294 2940 aiecius,
317 2871 434 2927 Vcrroa.
454 2873 531 2928 satir.
551 2873 598 2928 rel.
618 2872 725 2942 proleg.
749 2889 776 2940 p.
796 2876 812 2925 8
832 2889 891 2940 sqq.
921 2871 956 2925 de
984 2886 1017 2926 eo
1045 2869 1186 2941 disseruit,

167 2973 196 3026 p.
215 2959 318 3022 248sq.
339 2952 398 3008 eius
417 2951 550 3021 reliquias
569 2951 695 3022 collegit.

239 3037 267 3105 2)
290 3035 402 3104 praeter
420 3030 606 3088 Fritzechium
626 3035 655 3087 et
673 3031 799 3086 Riesium
818 3031 853 3086 ae
873 3029 1007 3099 Oehlero‚
1022 3032 1126 3102 proleg.
1147 3032 1186 3087 od

173 3113 254 3170 Vorr.
274 3120 324 3170 eat.
338 3133 366 3186 p.
381 3121 415 3170 42
426 3132 496 3184 sqq,
514 3113 641 3168 Heekero
660 3111 759 3180 philol.
774 3111 800 3165 V
812 3129 840 3182 p.
856 3115 917 3180 434,
936 3111 1065 3181 Rooperc
1084 3109 1186 3181 philol.

167 3195 260 3250 XVIII
277 3212 304 3264 p.
325 3200 386 3262 420,
405 3191 572 3260 Bahnsehio‚
599 3193 631 3246 dc
649 3190 732 3262 Πίος.
751 3191 819 3260 font.
839 3209 865 3262 p.
886 3198 921 3246 34
934 3208 1004 3261 sqq„
1023 3189 1187 3246 Nietesohio

167 3291 236 3331 mus.
252 3271 341 3331 Rhen.
356 3273 448 3329 XXIV
462 3291 490 3344 p.
506 3277 558 3328 193
577 3273 606 3326 et
626 3269 711 3325 Basil.
726 3287 819 3342 progr.
835 3287 859 3326 a.
876 3275 945 3326 1870
964 3289 991 3340 p.
1002 3276 1046 3337 32,
1064 3269 1188 3339 Rehdio‚

167 3357 266 3426 priecla
286 3355 396 3411 Roman
413 3372 441 3425 p.
461 3358 513 3408 249
533 3353 605 3422 adn,
624 3350 742 3420 Maesio,
761 3353 794 3406 de
812 3351 954 3422 diopraplr.
974 3350 1023 3406 Gr.
1042 3367 1069 3420 p.
1091 3355 1133 3404 18.

244 3435 271 3504 3)
291 3434 331 3489 cf.
351 3435 493 3490 Iacobsius
512 3433 620 3504 proleg.
639 3430 746 3487 anthol.
765 3431 856 3487 Palat
875 3433 943 3487 tom.
961 3430 1000 3484 VI
1020 3449 1048 3500 p.
1062 3428 1119 3497 XL,
1140 3433 1191 3500 qni

169 3515 233 3571 aliie
252 3514 340 3570 etiam
358 3514 530 3584 argumentis
550 3513 707 3568 commotus
726 3512 755 3567 in
774 3513 896 3567 aetatem
912 3509 1075 3566 ultimorum
1090 3509 1188 3566 Seleu·

169 3612 264 3652 corum
283 3593 457 3664 Meleagrum
475 3593 594 3649 rettulit.
