2544 3998
74 201 317 244 saxvmr-xx
470 216 511 226 -
559 181 621 244 121
669 216 712 226 —

76 341 166 415 δείξει
199 358 231 403 σε
258 343 300 426 τῷ
327 335 461 424 δακτύλῳ
489 331 587 415 ὀὗτος
609 337 732 416 ἐκεῖνος’
755 339 858 424 λέγων.
903 345 1098 422 vituperatur

75 459 150 500 vero
169 440 346 500 Arcesilaus
370 459 430 501 non
450 440 532 518 quod
550 442 665 519 popule
684 440 801 518 placuit
820 439 872 500 sed
891 441 973 518 quod
991 460 1097 503 amam

75 539 258 616 popularem
281 539 430 616 captavii3
453 557 522 598 eum
544 538 641 617 igitur
659 537 795 599 studium
813 540 844 598 ei
861 537 985 600 habitus
1003 539 1096 618 signi·

77 635 223 714 ficentur,
260 654 322 696 nen
354 636 481 713 simplex
513 634 606 714 aetio,
643 629 835 714 ὀχλοάρεσκος
866 637 1097 713 praeferendum

77 733 161 812 duxi,
187 733 270 810 quod
292 734 458 793 formatum
480 736 518 793 ut
539 726 803 811 ἇνθρωπύρεσκος,
825 725 1005 810 αύτύρεσκος
1027 734 1096 813 alis,

77 831 113 890 de
134 830 247 908 quibus
262 830 340 891 dixit
352 830 522 891 Lobeekius
536 830 575 891 ad
588 830 749 918 IJhsynieh.
762 852 792 908 p.
808 833 869 890 621
887 822 1097 912 (ὀχλοαρέσκης

77 929 142 988 sine
174 930 312 1006 exemplo
340 932 387 989 esi
413 928 446 987 iu
472 928 520 988 his
548 920 746 1011 compositis).
796 927 929 987 indidem
957 927 1097 1006 efficitur,

75 1025 171 1087 verba
194 1019 245 1087 ὁθ.
268 1018 328 1105 ὀχλ.
352 1025 391 1086 ad
417 1025 629 1104 praecedentia
655 1025 813 1086 referenda
835 1043 900 1086 esse
924 1017 971 1108 (in
992 1043 1096 1102 proee-

77 1122 145 1183 dosi
173 1122 283 1184 rettuli
305 1122 344 1183 ad
365 1115 540 1204 πλατύνεαι)
568 1127 600 1184 ολ
622 1115 786 1184 ὁθούνεκεν
810 1141 933 1184 eausam
954 1123 1097 1183 indicere.

78 1252 121 1262 -
147 1220 279 1298 denique
304 1217 334 1279 τί
354 1213 513 1280 πλατύνεαι
535 1224 650 1282 vertasr
678 1214 764 1298 ‘quid
785 1224 817 1281 te
840 1215 967 1283 iaetasi'
990 1237 1096 1284 verua·

77 1318 150 1378 cula
171 1318 280 1396 lingua
299 1317 390 1393 plane
409 1317 550 1377 similiter
567 1319 722 1397 loquimur
739 1313 813 1380 ‘was
831 1321 950 1381 maehsi
968 1320 1009 1380 du
1028 1316 1098 1377 dish

77 1410 191 1475 breies'
216 1419 263 1476 esi
286 1432 357 1476 saue
380 1415 455 1475 haee
477 1419 590 1478 novata
613 1415 809 1495 significatio,
833 1418 886 1478 sed
908 1416 1038 1477 recurrit
1059 1415 1096 1475 fr.

78 1511 165 1573 XXV
183 1513 217 1572 in
234 1505 422 1598 πλιιτνσμός.Ι
448 1531 464 1573 e
483 1516 588 1573 eontra
611 1512 693 1591 qued
714 1513 814 1574 veluit
835 1513 932 1573 inesse
950 1511 1096 1573 Wilemo·

77 1611 199 1672 wiuius
222 1631 252 1687 p.
273 1612 314 1670 76
340 1603 498 1671 ‘Weshalb
520 1608 633 1670 bleibsi
655 1609 697 1669 du
719 1603 927 1670 Platonikeri'
951 1610 1007 1669 hoe
1029 1611 1096 1670 loeo

78 1710 170 1786 plane
194 1726 257 1769 nen
279 1707 425 1786 quadrat,
453 1707 498 1768 iia
525 1712 562 1769 ui
587 1727 626 1767 ne
652 1725 707 1785 per
734 1706 952 1784 amphiboliam
974 1705 1097 1784 quidem

79 1806 157 1865 hane
181 1805 338 1866 notionem
361 1804 484 1866 subesse
507 1803 693 1866 crediderim.

516 2167 662 2228 XVIIIP.

147 2292 322 2353 Laertius
340 2292 443 2372 Dieg
462 2293 505 2354 IX
524 2285 629 2354 115''
612 2313 691 2370 ομως
713 2284 938 2408 καθαπτόμενος
957 2282 1095 2374 (Tim0n)

77 2383 268 2470 Ἀρκεσιλάου
286 2385 319 2450 ἐν
331 2393 392 2462 τοῖς
406 2389 542 2463 σίλλοις
556 2381 748 2470 ίπῄνεσεν’
711 2381 802 2449 αυτὸν
815 2389 855 2471 τῷ
869 2383 1096 2526 ἐπιγραφομένῳ

77 2477 269 2566 Ἀρκεσιλύον
292 2487 481 2571 περιδείπνῳ.

562 2770 618 2830 XX

125 2885 218 2974 ὄφρα
241 2884 433 2955 πενεστύων
456 2885 603 2973 σύναγεν
626 2887 739 2974 νέφος,
764 2892 800 2956 οἳ
819 2887 894 2974 περὶ
917 2884 1053 2953 πάντων

125 2991 335 3082 πτωχότατοί
354 2989 384 3060 τ’
409 2983 498 3080 ἦσαν
519 2993 576 3061 καὶ
598 2993 801 3080 κουφότατοι
824 2990 940 3080 βροτοὶ

669 3099 815 3188 ἀνδρῶν.

367 3284 488 3328 nouam
510 3283 675 3328 nuuou'rvs
698 3282 816 3328 vuasvs

82 3385 112 3440 in
131 3401 156 3439 v.
178 3389 205 3438 1:
225 3384 255 3438 Β
272 3387 324 3438 831
344 3383 380 3440 al.
399 3382 464 3455 περί
482 3382 598 3438 πάντων
617 3381 728 3451 (eedem
746 3397 843 3437 versus
862 3380 937 3450 sede)

151 3570 236 3612 ress.
260 3551 431 3612 Laertius
450 3549 682 3629 Dieg.V1116
700 3537 777 3628 ἦσαν
794 3547 862 3631 περί
879 3543 971 3612 αὐτὸν
989 3541 1096 3630 (Zeno-
