2548 4004
693 7 782 25 —wl

530 153 761 250 Ι-νο-

144 316 195 380 καί
223 316 369 398 γραφείου
397 318 503 378 καινοῦ
531 313 581 377 καί
608 315 779 378 πινακιδίου
807 318 914 377 καινοῦ
936 318 1095 394 respondit
1117 311 1174 380 τὸν

145 418 221 480 νοῦν
248 415 464 494 παρεμφαίνων
491 415 510 476 i.
539 433 564 474 e.
593 414 764 492 dispescens
792 433 897 475 vocem
923 419 1031 477 καινοῦ
1058 417 1091 476 in
1119 415 1175 478 καὶ

145 515 199 574 νοῦ
232 507 284 594 (cf.
312 514 345 572 L.
373 513 409 572 D.
438 513 482 573 VI
511 505 554 594 3).
609 512 761 591 Diogenes
798 517 902 574 antem
938 531 1008 574 cum
1040 514 1175 576 vidisset

146 611 387 690 Olympionioam
420 629 491 672 oves
522 615 696 688 pascentem
725 606 834 689 ταχέως
861 611 963 688 inquit
989 599 1013 672 ὦ
1041 608 1171 690 βέλτιστε

144 705 265 787 μετίβμς
302 702 362 770 ιἰπὸ
394 711 454 769 τῶν
482 700 650 786 Ὀλυμπίων
681 705 730 769 ἐπὶ
760 701 795 768 τὰ
823 704 925 786 Νέμεα
955 701 988 790 (i.
1013 728 1037 769 e.
1065 707 1170 788 νέμεα,

144 801 278 884 ‘pascua'
298 806 331 866 L.
350 807 387 865 D.
406 806 450 865 VI
469 798 538 887 49),
561 809 654 884 atque
677 810 837 866 centauros
860 805 937 866 duos
955 807 1084 884 pessime
1104 809 1170 885 pic·

143 910 192 966 tos
215 905 347 965 intuitus
370 903 571 982 interrogavit
594 895 642 984 (L.
665 903 702 962 D.
726 904 770 963 VI
795 896 866 985 51):
894 908 965 965 uter
987 906 1096 964 horum
1121 910 1171 966 est

145 1000 283 1077 Xsloov?
317 993 413 1081 (quod
445 1001 529 1061 valet
561 1006 592 1062 et
619 994 756 1062 ‘Chiron’
792 1007 823 1063 et
845 994 1030 1084 ‘deterior').
1080 1004 1170 1063 Idem

144 1091 192 1180 (L.
216 1097 253 1157 D.
271 1097 317 1156 Vl
341 1089 399 1179 68)
422 1097 538 1158 medico
562 1099 687 1158 moecho
710 1100 831 1176 puellae
855 1099 1020 1177 aliquando
1044 1101 1171 1160 oculum

145 1195 266 1255 curanti
290 1185 396 1273 suasit,
419 1199 456 1255 ut
478 1198 598 1255 caveret
620 1214 658 1254 ne
681 1195 809 1273 virginis
833 1197 955 1256 oculum
974 1215 1082 1256 curans
1101 1210 1171 1258 ‘cor-

144 1298 300 1371 rumperet
322 1285 377 1370 τὴν
399 1285 494 1370 κόρην
517 1285 614 1372 (quod
635 1293 779 1352 nimirum
802 1313 898 1371 aeque
917 1286 1093 1370 ‘pupillam’
1120 1300 1171 1355 at·

145 1410 204 1469 que
229 1382 391 1467 ‘puellam’
423 1382 597 1472 significat).
643 1390 782 1467 Denique
811 1383 858 1470 (L.
882 1391 918 1450 D.
942 1391 986 1451 VI
1011 1384 1068 1473 61)
1095 1411 1170 1452 cum

147 1507 183 1548 ax
216 1507 251 1548 eo
285 1489 368 1548 cuias
400 1507 477 1565 puer
509 1489 633 1566 quidam
665 1491 823 1564 stupratus
856 1492 936 1548 esset
970 1494 1172 1565 quaereretur

150 1580 293 1667 Τεγεάτης
316 1586 484 1664 respondit,
508 1604 568 1664 quc
592 1586 684 1648 verbo
709 1588 740 1646 et
762 1585 837 1645 civis
860 1586 978 1663 Tegeae
1001 1586 1085 1646 urbis
1107 1587 1172 1648 Ar-

146 1685 266 1746 cadicae
298 1688 424 1744 notatur
453 1688 485 1745 et
512 1686 601 1744 homo
629 1683 794 1761 lupanaris.
841 1681 985 1744 Censores
1008 1688 1173 1761 praeterea

146 1783 187 1844 sis
211 1781 244 1842 L.
268 1783 305 1842 D.
329 1782 374 1841 VI
397 1784 448 1842 52.
474 1783 525 1842 59.
551 1784 601 1842 62.
627 1783 683 1860 683
707 1780 800 1859 Stob,
822 1782 908 1852 florii.
932 1781 1041 1842 LXXX
1066 1784 1094 1840 6.

212 1879 295 1939 Haec
315 1883 418 1939 autem
436 1879 537 1938 omnia
552 1878 662 1956 quibus
678 1877 837 1955 splendent
850 1878 1025 1955 cynicorum
1038 1879 1171 1942 σπουδο-

145 1973 244 2056 γέλοια
282 1976 367 2036 vides
407 1995 499 2054 quam
536 1976 656 2056 egregie
694 1975 867 2052 conspirent
904 1995 972 2039 cum
1007 1975 1051 2036 eis
1089 1995 1172 2054 quae

145 2075 270 2151 propria
293 2075 443 2146 essedixi
467 2073 601 2135 Timonis
625 2074 777 2151 sillorum3
801 2075 905 2135 eadem
928 2075 1008 2134 enim
1030 2079 1077 2135 est
1101 2074 1173 2154 doy-

147 2175 277 2250 μανικῶν
304 2173 555 2251 philosophorum
580 2171 693 2249 irrisio,
721 2171 826 2232 eadem
848 2171 1078 2233 Homericcrum
1100 2192 1172 2233 ver·

147 2289 236 2331 suum
255 2271 390 2350 parodia‚
413 2271 493 2330 idem
511 2271 743 2347 παρονομασιιόν
762 2273 794 2328 et
811 2261 1001 2348 ἀμφιβολιῶν
1021 2269 1170 2332 studium.

147 2374 376 2446 usurpaverunt
402 2388 474 2430 vero
502 2368 600 2446 cynici
627 2368 704 2427 hanc
731 2367 881 2428 rationem
907 2386 977 2428 non
990 2371 1113 2426 tantum
1136 2369 1172 2428 in

146 2466 324 2543 vulgaribus
354 2465 656 2526 sermocinationibus
684 2469 776 2543 atque
804 2465 994 2545 indialogis
1021 2469 1053 2524 et
1076 2465 1171 2527 chriis

147 2562 199 2624 sed
222 2563 254 2621 in
277 2563 404 2639 poeticis
429 2581 549 2641 quoque
573 2563 694 2640 scriptis
716 2563 865 2644 παιμνίοις
888 2563 966 2623 aliis.

214 2660 280 2720 Iam
303 2678 374 2721 vcro
392 2660 532 2721 nonnulli
551 2679 655 2720 eorum
674 2665 910 2740 composuerunt
926 2662 1069 2739 poemata
1088 2681 1170 2737 quae

149 2777 267 2818 summo
291 2758 357 2816 iure
381 2762 412 2817 et
434 2759 531 2836 possis
555 2762 586 2817 at
609 2758 718 2819 debeas
741 2777 917 2837 nuncupare
939 2758 1053 2830 sillos.

214 2855 332 2916 Horum
354 2856 472 2933 primus
496 2855 598 2916 extitit
617 2855 742 2917 Crates
762 2856 922 2918 Thebanus
947 2856 1033 2916 cuius
1053 2856 1172 2933 scripta

145 2958 303 3032 tamquam
328 2953 483 3031 exemplar
509 2953 638 3014 maxime
666 2954 785 3032 insigne
812 2956 863 3017 τοῦ
889 2954 1026 3015 Κυνικοῦ
1054 2946 1170 3031 τρόπον

145 3052 263 3128 profert
284 3050 472 3129 Demetrius,
500 3051 535 3110 de
562 3051 659 3114 οίοοαί.
684 3049 704 3127 5
729 3052 792 3114 259
818 3044 860 3133 (p.
882 3053 960 3130 318,
985 3053 1004 3112 3
1031 3043 1170 3133 ὅρους).

148 3153 284 3210 seruatae
311 3148 390 3208 enim
414 3151 486 3207 sunt
508 3151 570 3207 tres
592 3149 740 3226 reliquiae
763 3149 873 3227 quibus
896 3148 1070 3228 philosophi
1094 3147 1170 3208 Stil·

146 3265 208 3322 pon
226 3246 421 3323 Asclepiades
439 3245 592 3306 Phliasius
610 3246 803 3306 Menedemus
821 3247 973 3324 homoque
991 3246 1171 3323 ceteroquin

145 3343 269 3420 ignotus
298 3343 428 3420 Micylus
459 3342 708 3422 perstringuntur
738 3343 876 3405 versibus
904 3343 1086 3404 hexametris
1115 3343 1169 3402 ad-

146 3440 270 3501 modum
306 3441 403 3500 facete
440 3459 476 3500 ex
513 3439 644 3502 Homero
682 3441 809 3502 detortis
847 3447 940 3520 atque
977 3435 1169 3518 ἀμφιβολιῶν

145 3538 268 3618 egregia
294 3537 442 3598 varietate
466 3538 626 3598 distinctis.
660 3559 736 3617 quas
758 3540 838 3600 inter
861 3558 892 3598 se
915 3538 1083 3598 arctissimo
1101 3535 1170 3597 vin-
