2548 4004
572 169 791 235 -64-

171 335 339 396 mowitzius
367 335 537 412 exemplum
566 353 601 393 ex
627 333 684 392 hoo
711 333 842 393 carmine
870 333 1002 410 petitum
1030 351 1095 394 esse
1122 354 1197 411 pro·

171 432 238 492 bari
260 450 452 511 nequaquam
474 436 576 509 potest
584 423 617 512 ¹).

238 530 431 607 Xenophanis
455 528 606 608 quendam
628 527 783 588 aemulum
804 528 940 588 extitisse
959 529 1197 590 Nicomedem

174 625 270 687 Ooum
292 627 365 687 olim
388 645 459 686 sanc
483 625 573 684 facile
596 625 707 702 aliquis
729 625 833 702 potuit
856 627 990 686 conicere
1017 646 1116 704 neque
1136 628 1195 686 im·

172 724 384 803 probabiliter,
408 743 477 784 cnm
500 724 565 782 eius
589 714 810 803 epitaphium)
835 723 876 782 sic
900 724 1065 802 legeretur:

217 833 310 914 ὄντας
326 839 445 918 δίζηαι,
468 835 531 911 ξένε
555 837 686 916 φίλτατε,
708 837 751 909 τίς
773 830 872 898 πόθεν
895 837 965 916 sipi,

218 941 289 1010 Κῶς
311 933 366 1016 μίν
388 957 440 1014 μοι
461 934 565 1011 πατρίς
587 932 677 996 ἔστιν·
701 926 757 1013 ἐγὼ
784 926 812 993 δ’
838 927 933 1012 ὄνομα
955 930 1151 1016 Νειιιομήδης

216 1027 376 1094 Μουσάων
398 1025 542 1109 θεράπων
566 1025 650 1116 ᾅδων
672 1026 848 1109 θνμέλαισιν
866 1024 996 1112 Ὁμήρου

217 1125 319 1204 δόξαις
342 1122 499 1210 ἐγγελάσας
520 1129 685 1207 περίκειμαι
708 1121 829 1207 νήδυμα
851 1121 960 1189 ὕπνον..

177 1247 230 1306 ille
258 1246 354 1324 igitur
376 1247 460 1307 visus
484 1251 531 1305 est
553 1264 612 1305 non
635 1245 733 1304 solum
755 1243 887 1320 parodus
906 1245 1000 1304 fuisse
1019 1245 1144 1323 qualem
1164 1267 1195 1308 sc

173 1345 206 1402 in
223 1344 280 1403 hoc
298 1344 364 1420 ipso
384 1343 538 1420 epitaphio
558 1341 699 1420 ostendit,
719 1340 771 1400 sed
789 1341 883 1401 etiam
896 1341 1020 1402 Homeri
1035 1343 1196 1420 opiniones

174 1441 316 1502 similiter
337 1446 429 1519 atque
448 1440 648 1518 Xenophanes
666 1430 841 1518 irrisisse⁸):
865 1438 917 1498 sed
936 1457 1005 1499 cum
1022 1459 1102 1500 nunc
1123 1461 1195 1502 con·

175 1532 269 1620 stoc)
302 1558 361 1599 non
386 1531 518 1618 Ὁμήρου
550 1538 698 1597 traditum
730 1554 808 1614 csse,
840 1536 892 1595 sed
917 1537 1104 1597 ΟΜΗΡΟΠ
1124 1540 1144 1598 i.
1170 1560 1195 1609 e.

165 1629 307 1715 ‘'Opppov,
327 1639 408 1696 recte
427 1635 642 1696 intellexerunt
661 1635 720 1692 iam
741 1632 924 1709 stephanius
944 1630 1028 1715 (titul.
1045 1633 1098 1694 Gr.
1114 1643 1196 1713 part.

172 1730 201 1790 V
219 1753 247 1792 n.
270 1725 325 1813 12)
350 1737 382 1791 et
400 1731 557 1791 Kuibelius
581 1723 685 1812 (φέρι.
706 1729 758 1790 Gr.
778 1750 806 1789 n.
828 1722 906 1811 101)
925 1731 1078 1792 hominem
1097 1733 1194 1796 fuisse

172 1831 367 1892 Homericum
389 1830 581 1907 rhapsodum.

223 1927 344 2004 licque
363 1927 446 1986 ullus
464 1929 622 2002 praeterea
640 1925 762 1985 disertis
781 1924 881 1985 verbis
900 1932 1156 1989 commemoratur
1176 1949 1195 1990 a

172 2025 325 2085 veteribus
354 2023 428 2100 ipsis
457 2016 666 2102 οιλλορροίφος,
695 2041 880 2101 quamquam
903 2023 997 2083 fuisse
1021 2025 1097 2085 alios
1120 2027 1196 2088 licet

173 2122 320 2200 suspicari
340 2139 375 2180 ex
391 2120 515 2180 Tzetzae
535 2120 616 2198 apud
629 2120 872 2198 Bernhardyium
891 2111 946 2201 (ad
960 2121 1050 2181 schol.
1065 2122 1194 2203 Dionys.

245 2293 271 2362 1)
287 2291 418 2348 Ceterum
431 2291 524 2362 ipsum
537 2289 707 2346 vocabulum
716 2289 886 2358 γεννᾶσθαι,
900 2290 976 2356 quod
985 2291 1194 2361 Xenophanem

173 2388 323 2442 usurpasse
342 2369 397 2426 eibi
415 2369 556 2441 persuasit
569 2369 810 2438 Wilamowitzius,
829 2369 900 2425 mihi
917 2373 994 2427 certo
1013 2370 1119 2428 indicio
1138 2378 1193 2443 est,

173 2467 230 2505 non
247 2451 310 2520 ipsa
323 2450 504 2520 Xenophanis
517 2449 604 2506 verba
617 2448 665 2504 hic
678 2450 764 2518 tradi;
785 2449 905 2506 fortasse
920 2450 1055 2520 Clemens,
1073 2453 1123 2521 qui
1136 2454 1193 2510 hoc

173 2531 236 2585 loco
258 2530 289 2585 id
312 2530 403 2585 solum
426 2529 486 2600 egit
507 2531 540 2585 ut
562 2528 696 2599 probaret
719 2547 753 2585 ex
770 2533 898 2586 veterum
918 2547 1029 2600 quoque
1049 2535 1193 2590 sententia

175 2609 258 2663 deum
276 2625 327 2678 per
345 2609 495 2664 simulacra
513 2607 646 2680 cognosci
664 2624 721 2670 non
738 2626 834 2679 posse,
854 2610 1041 2681 complurium
1058 2630 1194 2671 versuum

173 2688 341 2744 sententiam
369 2704 440 2758 quae
468 2690 523 2744 huc
551 2705 608 2744 non
635 2688 723 2745 faciat
751 2689 873 2746 breviter
900 2690 1072 2760 significavit
1097 2696 1194 2751 verbis

173 2769 334 2838 γεννᾶσθαι
353 2766 443 2832 θεούς
461 2770 514 2841 (ita
532 2769 564 2823 nt
583 2768 620 2823 sit
637 2769 814 2825 scribendum
829 2765 913 2826 ‘cilici
932 2773 1028 2843 βροτοί
1046 2770 1192 2830 δοκέουσί

172 2849 333 2918 γεννᾶσθαι
352 2845 441 2912 θεοὺς
464 2845 549 2919 Ι“τὴν
571 2845 708 2920 σφετέρην
728 2843 756 2903 δ’
778 2845 888 2919 ἐσθῆτα
906 2847 1001 2917 κτί.’);
1026 2852 1076 2906 sed
1098 2855 1195 2923 potest

174 2928 260 2984 etiam
278 2928 356 2984 aliud
375 2929 443 2997 quid
460 2929 607 2983 turbatum
620 2945 681 2984 esse
695 2928 931 2998 (improbabiliter
945 2929 1111 3002 Sylburgius
1127 2948 1193 2989 con·

172 3007 241 3064 iecit
258 3009 399 3064 senarium
418 3006 560 3063 Cleanthis
580 3008 662 3064 stoici
681 3010 760 3077 esse).

244 3089 271 3158 2)
291 3088 358 3158 post
370 3086 551 3142 Pittalrisium
566 3087 605 3143 sic
619 3087 689 3143 haec
703 3087 851 3159 inscriptio
866 3090 1002 3146 edebatur
1015 3090 1045 3146 in
1060 3089 1089 3146 O.
1105 3091 1126 3150 Ι.
1143 3093 1191 3149 Gr.

172 3165 229 3221 In
249 3166 317 3222 eceb
335 3187 362 3238 p.
383 3173 442 3223 ere.
922 3213 924 3216 .
1152 3171 1155 3180 ’

244 3248 271 3316 3)
291 3247 332 3302 ef.
352 3246 580 3302 Schneidewinus
605 3245 635 3302 in
659 3245 727 3303 diar.
751 3249 857 3318 antiqu.
884 3254 952 3304 1835
971 3268 999 3321 p.
1019 3255 1086 3321 ²⁰⁶3
1110 3252 1189 3309 Wol-

174 3323 286 3396 ckerus,
304 3328 399 3398 cyllop.
418 3347 444 3383 n.
466 3333 498 3382 12
518 3346 544 3398 p.
566 3334 607 3384 1⁷.

244 3409 271 3474 4)
290 3405 363 3461 Vide
384 3424 458 3463 nuno
482 3407 511 3462 O.
531 3407 550 3463 I.
571 3408 629 3463 Att.
649 3407 689 3462 III
707 3426 734 3464 n.
755 3414 838 3478 1349,
861 3407 911 3465 ubi
934 3409 1041 3478 priores
1066 3411 1190 3469 editores

172 3486 259 3542 habes
292 3488 447 3558 enarratos,
480 3505 598 3557 quorum
624 3488 731 3558 primus
760 3489 929 3559 stephanius
961 3491 1038 3545 recte
1065 3486 1190 3566 Ὅμηρον

174 3565 251 3637 legit.
