2542 3996
100 208 152 248 ra.
168 207 253 247 xxxx
491 218 532 226 —
582 180 645 245 151
693 217 734 226 —

101 345 155 410 aei
178 340 378 426 ἀμετάβλητον
399 341 449 404 not
472 337 592 425 λογικόν
616 345 761 422 explicari
784 348 918 424 epitheta
942 351 1052 428 quibus
1072 353 1122 412 Ti-

100 465 176 506 mon
190 443 384 522 Xenophanis
403 443 494 502 deum
512 443 683 521 descripsit3
702 443 782 504 inter
799 445 873 505 haec
892 467 987 508 nnnm
1006 453 1123 512 certum

100 549 165 622 111,
199 545 331 604 alterum
362 541 526 618 probabile.
572 543 690 601 certum
723 546 769 603 est
799 544 933 619 primum
966 548 1122 625 epitheton

101 635 184 703 loco
208 633 347 717 ἁπάντη
371 642 507 716 spectare
530 637 569 697 ad
593 638 642 698 dei
665 631 699 719 (i.
719 635 883 724 emundi)
909 645 1122 722 conglobatam

101 739 249 818 figuram,
272 738 305 799 id
325 737 407 815 quod
424 735 537 813 apertis
555 735 655 796 verbis
674 736 763 798 docet
776 736 951 814 Simplicius
970 732 1017 822 (in
1030 743 1121 820 Phys.

101 858 132 914 p.
147 839 200 914 23,
217 839 257 896 18
273 829 383 917 Diels.)
402 851 544 896 enarrans
563 833 729 896 Alexandri
744 835 988 912 Aphrodisiensis
1006 871 1044 884 -—
1061 841 1080 900 i.
1096 861 1120 902 e.

103 934 308 1012 Theophrasti
322 925 423 1014 (phys.
438 933 518 1010 opin.
532 933 568 992 fr.
584 934 602 992 5
617 953 646 1009 p.
662 935 736 1011 481,
758 939 795 993 11
812 934 919 1012 Diels.;
938 936 975 996 cf.
989 936 1120 1016 Doxogr.

101 1053 132 1110 p.
144 1023 226 1113 112)
245 1063 282 1074 -
299 1030 481 1091 sententiam
491 1027 716 1108 πεπυρωμένον
739 1027 771 1091 di
783 1029 835 1092 oeci
848 1030 1035 1112 σφαιροειδὲς
1049 1029 1120 1097 adad

102 1122 152 1210 (td
167 1122 221 1212 ἓν)
239 1123 290 1190 διὰ
308 1124 340 1190 τὸ
357 1123 547 1206 ammineo
565 1121 669 1204 ὅμοιον
683 1124 780 1208 λέγειν
795 1121 1012 1214 (Ξενοφάνην),
1034 1151 1119 1209 prae·

85 1228 209 1288 sertim
231 1231 300 1286 bum
319 1226 444 1286 Sextum
461 1245 498 1286 ex
519 1225 624 1288 eodem
642 1226 719 1286 libro
739 1227 965 1305 Theophrasteo
978 1230 1120 1292 hausisse

101 1329 185 1384 recte
206 1343 305 1401 nuper
329 1324 523 1385 observatum
541 1323 583 1394 ait
601 1315 653 1404 (cf.
668 1323 774 1383 hellen
793 1324 862 1384 hiat.
879 1326 953 1402 phil.
967 1319 1038 1405 1²⁴1).
1054 1330 1118 1389 384

100 1422 170 1481 adn.
182 1424 216 1497 23
229 1421 323 1481 Diels.
336 1422 468 1500 Doxcgr.
483 1421 550 1480 adn.
565 1419 604 1480 ad
616 1441 645 1497 p.
655 1423 734 1498 481,
751 1414 794 1502 9).
827 1442 899 1501 ergo
914 1425 1018 1486 minus
1037 1431 1118 1487 recte

101 1519 363 1579 Zimmermannue
385 1541 414 1596 p.
440 1522 539 1596 resq.
563 1537 632 1578 cum
653 1517 817 1597 Karstenc‚
841 1521 976 1599 Xenoph.
999 1544 1029 1600 p.
1056 1528 1117 1584 119

100 1617 322 1694 aequalitatem
352 1616 402 1676 dei
432 1617 587 1694 intellegit
618 1617 649 1674 in
680 1635 715 1676 eo
743 1617 887 1695 positam,
920 1621 1002 1696 quod
1033 1625 1118 1682 totus

100 1715 224 1774 omnino
247 1715 357 1792 cernit,
380 1718 465 1774 totus
488 1714 587 1791 cudit,
610 1717 695 1774 totus
719 1715 848 1792 cogitat,
878 1719 999 1776 utana
1022 1718 1117 1780 sitin

98 1831 135 1872 ec
159 1815 192 1872 11
214 1812 352 1888 perfecta
373 1815 502 1872 naturae
529 1812 693 1872 consensio.
740 1816 776 1872 ut
798 1813 895 1890 igitur
917 1818 1035 1874 certum
1056 1819 1117 1894 pri·

98 1929 185 1970 mum
213 1909 348 1969 Timonis
381 1910 537 1985 epitheton
566 1910 664 1986 primo
692 1909 777 1970 Sexti
809 1911 901 1972 verbo
932 1911 1118 1992 σφαιροειδές

98 2008 259 2086 explicari,
282 2008 328 2068 ite
349 2008 506 2085 probabile
529 2011 576 2068 est
598 2007 637 2066 ad
656 2007 791 2068 Timonis
809 2009 920 2068 ultima
938 2009 1032 2070 verba
1054 2032 1118 2072 νοε-

98 2099 196 2182 pardo
218 2098 254 2183 ἠὲ
275 2098 374 2184 νόημα
397 2109 534 2183 spectare
558 2105 642 2166 Sexti
670 2107 827 2183 epitheton
849 2103 977 2188 λογικόν.
1023 2115 1115 2188 atque

98 2203 137 2262 de
154 2203 212 2263 dec
231 2203 431 2280 Xenophanes
455 2204 519 2280 ipse
537 2203 615 2263 dixit
633 2196 684 2284 (fr.
704 2206 722 2264 3
741 2196 859 2287 Karst.)
877 2199 940 2266 ἀλλ’
961 2200 1116 2268 ἀπάνευθε

99 2294 207 2361 πόνοιο
226 2293 300 2361 νόον
319 2298 405 2378 φρενὶ
424 2294 520 2361 πάντα
538 2299 699 2380 κραδαίνοι,
718 2302 917 2380 similiterque
936 2309 1116 2382 conceptum

98 2401 146 2458 est
163 2398 231 2458 eins
250 2397 286 2458 de
306 2397 362 2458 dec
379 2399 528 2475 placitum
546 2399 628 2476 apud
645 2397 802 2459 Laertium
818 2399 908 2478 Diog.
923 2400 966 2460 IX
983 2399 1022 2461 19
1042 2396 1116 2480 ον’μ-

98 2490 197 2554 παντά
219 2488 249 2553 τ’
275 2487 351 2555 εἶναι
378 2491 455 2556 νοῦν
480 2492 531 2555 ael
560 2488 716 2574 φρόνησιν.
761 2497 831 2557 inde
858 2498 990 2560 efficitur
1017 2495 1115 2580 νόημα

98 2611 159 2652 non
181 2609 306 2669 prorsus
330 2591 467 2653 sufficere
491 2592 530 2653 ad
553 2593 695 2654 naturam
717 2593 765 2654 dei
786 2595 1023 2677 significandam,
1046 2618 1116 2660 cum

98 2689 169 2750 huic
192 2690 341 2752 vocabulo
364 2689 490 2752 humani
513 2691 630 2768 ahquid
652 2691 738 2769 insit,
762 2692 836 2754 deus
859 2713 930 2755 vero
949 2695 1115 2757 secundum

97 2786 315 2864 Xenophanem
343 2779 394 2868 (fr.
419 2789 438 2848 5
461 2781 578 2870 Karst.)
602 2782 688 2848 οὔτι
711 2785 801 2868 δέμας
822 2793 980 2868 θνητοῖσιν
1002 2785 1115 2870 ὁμοίιος

97 2877 164 2944 οὔτε
182 2876 291 2963 νόημα.
318 2885 421 2963 itaque
440 2885 563 2947 videtur
580 2886 786 2964 comparativo
801 2887 926 2966 adscito,
946 2891 1113 2966 quostiam
1208 2931 1210 2936 -

97 2981 186 3042 Plato
209 2981 359 3042 Alcibiad.
382 2983 399 3041 I
420 3004 448 3061 p.
475 2976 556 3044 133c
579 3001 654 3043 usus
677 2988 737 3061 est,
766 2987 835 3060 apte
859 3003 877 3042 e
901 2984 1025 3045 Timone
1054 2987 1114 3046 diei

96 3080 233 3155 potuisse
263 3080 353 3139 deum
380 3079 618 3158 Xenophaneum
645 3099 710 3144 esse
737 3074 915 3159 voapdvepov
941 3073 977 3159 ἠὲ
1004 3073 1112 3159 νόημα,

97 3177 211 3256 quippe
234 3177 322 3238 cuius
345 3197 456 3238 numen
485 3178 670 3255 cogitatione
692 3179 791 3258 magis
814 3182 893 3239 esset
915 3174 1113 3257 mesopotania

97 3275 115 3334 i.
135 3294 159 3334 0.
183 3278 248 3334 tam
271 3293 505 3354 supracmnem
527 3275 691 3337 humanam
713 3279 856 3338 saturem
878 3277 993 3338 elatum
1015 3281 1052 3337 ut
1074 3299 1112 3340 ne

98 3389 166 3432 cnm
188 3373 373 3451 cogitatione
397 3373 520 3450 quidem
541 3374 632 3450 plane
655 3373 824 3450 comparari
846 3377 957 3450 posset.

162 3469 237 3530 Inde
263 3470 409 3546 proiectis
436 3469 540 3530 licebit
567 3469 654 3530 nobis
680 3472 833 3546 postremo
865 3473 971 3548 paullo
999 3475 1111 3534 certius

97 3566 243 3628 iudicium
264 3569 399 3645 preferre
418 3569 455 3628 de
473 3567 578 3628 multis
597 3567 791 3646 coniecturis,
815 3568 926 3645 quibus
949 3570 1008 3629 viri
1030 3570 1112 3632 docti
