2542 3996
557 237 598 246 -
649 201 711 266 198
758 237 799 246 -
1032 222 1196 266 uulneris

170 364 354 425 Ribbeokiue
371 364 402 424 in
417 369 474 424 act.
489 382 548 424 soc.
562 364 644 442 Lips.
658 367 718 426 vol.
732 365 804 424 XXI
819 356 992 445 (phil-hist.
1007 366 1042 424 cl.
1058 366 1122 426 vol.
1137 362 1199 424 IXl

172 485 201 541 p.
225 465 263 522 18
288 482 345 541 sq.:
369 463 509 523 omnibns
532 481 594 522 una
617 462 722 522 subest
744 463 837 540 notio,
861 481 940 540 quae
963 463 1054 523 verbo
1079 457 1200 542 μάργος

171 565 311 625 accurate
341 562 526 640 declaratum
559 561 641 638 qnod
667 579 722 620 nos
751 561 950 638 reposuimus.
982 593 1020 602 -
1050 561 1199 638 Denique

172 663 300 724 ultimus
319 678 424 722 versus
443 658 577 719 nondum
594 662 774 737 personatus
788 659 922 719 videtur:
941 679 989 718 me
1004 663 1084 718 certe
1098 659 1198 738 fugit,

172 760 322 842 quomodo
346 757 443 836 possit
466 749 543 818 ὅπλα
567 754 719 834 clamem
742 757 886 836 coniungi
908 775 978 817 cum
1000 757 1099 818 verbis
1125 756 1200 831 περὶ

171 857 310 938 κέρματος
334 860 365 917 et
387 851 454 934 περὶ
477 849 580 934 dignm
604 855 755 916 sententia
777 855 946 916 necessaria
968 856 1109 915 hocloco
1134 861 1197 916 est:

170 953 279 1037 ‘neque
308 956 344 1015 de
370 952 499 1032 pecunia
527 973 623 1032 neque
652 953 689 1012 de
717 952 959 1030 dogmaticorum
987 952 1107 1030 placitis
1136 975 1197 1014 un-

172 1075 264 1134 quam
296 1054 378 1114 rixae
410 1044 570 1128 existunt'3
606 1051 711 1129 itaque
743 1043 820 1110 ὅπλα
850 1055 973 1112 κινεῖται
1004 1050 1107 1130 potius
1144 1053 1197 1112 vel

174 1155 236 1214 tale
260 1151 335 1228 quid
357 1151 502 1224 expectes.

237 1251 346 1310 Perem
377 1267 447 1306 cum
477 1246 596 1324 reliquo
628 1245 835 1306 mendicorum
866 1246 982 1308 vestitu
1012 1246 1129 1322 primus
1162 1247 1196 1305 in

171 1349 315 1426 Cynicam
344 1349 457 1404 sectam
481 1343 629 1405 invexisse
653 1344 849 1404 Antisthenes
876 1344 1054 1422 perhibetur
1076 1344 1114 1403 ab
1141 1365 1195 1422 op·

170 1445 253 1506 timis
285 1443 416 1503 testibus
443 1442 547 1501 Diocle
576 1446 607 1501 et
633 1442 773 1501 Neanthe
802 1433 899 1523 (apud
926 1442 1025 1501 Laert.
1049 1442 1094 1501 VI
1121 1435 1195 1524 13);

171 1543 240 1603 inde
273 1561 291 1600 a
320 1541 456 1620 Diogene
488 1544 568 1600 certe
601 1540 699 1616 cynici
731 1539 808 1618 stipe
841 1541 969 1600 collecta
1000 1540 1195 1617 victitarent,

171 1640 307 1702 contenti
334 1657 406 1698 sane
432 1637 498 1698 cibo
522 1637 758 1714 simplicissimo,
787 1657 846 1714 quo
871 1638 953 1699 vesei
975 1637 1116 1698 solebant
1138 1639 1194 1698 ho-

170 1739 266 1798 mines
299 1755 447 1814 pauperes
480 1735 516 1794 de
548 1733 652 1794 infima
678 1735 766 1812 plebe
793 1737 879 1796 velut
908 1735 1035 1813 milites,
1069 1741 1194 1814 nautae,
1258 1805 1259 1822 2

173 1837 240 1913 alii,
273 1835 395 1913 qualem
422 1832 540 1893 duobus
568 1832 668 1894 verbis
695 1838 816 1910 praeter
843 1835 919 1894 alios
947 1834 1108 1911 descripsit
1130 1835 1193 1895 Lu·
1258 1875 1259 1878 =

172 1934 277 1993 cianus
296 1935 409 1992 saturn.
432 1932 518 2008 epist.
536 1935 552 1991 1
571 1928 590 2007 §
606 1933 646 1990 21
667 1926 764 2009 ἄρτον
782 1927 1015 2008 ἐμπεπλησμένοι
1026 1979 1033 1992 .
1046 1975 1052 1990 .
1064 1979 1070 1992 .
1081 1927 1192 2010 κάρδα-

173 2052 231 2109 μον
252 2022 272 2108 ἢ
295 2023 397 2107 θύμον
420 2020 440 2106 ἢ
464 2023 618 2106 κρόμμυον
640 2021 854 2107 έπιπροέγοντες.
893 2028 925 2086 in
944 2028 1063 2088 deliciis
1083 2029 1193 2090 Graeci

133 2165 135 2172 ,
171 2129 365 2206 potissimum
378 2120 506 2204 σκόροδα
519 2123 570 2186 καὶ
582 2120 720 2204 αοόμμοα
733 2125 914 2204 habuerunt,
931 2145 1062 2204 quorum
1076 2134 1195 2206 quanta

171 2228 258 2305 copia
286 2243 304 2285 a
331 2224 539 2302 Xenophontis
571 2223 720 2283 militibus
752 2227 931 2301 consumpta
963 2224 1003 2282 sit
1033 2225 1104 2301 quis
1132 2245 1194 2286 non

171 2324 368 2386 mirabundus
391 2324 423 2382 in
445 2322 582 2382 Anabasi
604 2320 699 2400 legit?
745 2313 798 2403 (cf.
821 2321 914 2381 etiam
937 2340 1014 2399 quae
1039 2325 1195 2400 congessit

171 2423 353 2484 Bltmnerus
376 2422 409 2480 in
431 2419 598 2480 Hermanni
620 2420 736 2498 antiqu.
757 2418 806 2479 Gr.
825 2419 935 2496 privat.
955 2441 983 2496 p.
999 2421 1040 2479 25
1062 2421 1132 2480 adn.
1148 2414 1193 2502 2.)
1257 2459 1258 2462 =

171 2521 264 2580 etiam
291 2519 366 2578 ficus
389 2519 421 2578 in
446 2517 572 2578 Graecia
594 2518 759 2578 vilissimae
783 2521 870 2577 erant
893 2509 946 2598 (cf.
965 2517 1037 2577 ibid.
1057 2517 1127 2576 adn.
1148 2512 1193 2599 4).

172 2617 249 2676 talia
276 2617 372 2693 igitur
395 2633 512 2692 semper
533 2634 606 2692 pera
628 2616 745 2678 ferebat
766 2633 864 2701 vacua
887 2615 969 2674 omni
991 2617 1074 2674 luxu.
1122 2616 1194 2676 inde

172 2714 293 2776 ridetur
319 2713 556 2790 exorta‘paullo
585 2714 729 2774 audacior
756 2714 871 2792 imago,
900 2733 962 2792 qua
986 2703 1060 2773 usus
1085 2711 1193 2773 Oratus

171 2831 276 2892 peram
307 2810 424 2872 adscita
451 2810 611 2871 Homerica
639 2809 746 2872 Cretae
778 2811 979 2888 descriptione
1011 2829 1082 2870 cum
1109 2814 1194 2871 terta

171 2910 305 2989 quadam
332 2910 533 2987 compararit,
562 2929 640 2987 quae
662 2911 741 2970 iacet
763 2911 796 2968 in
817 2909 917 2969 medio
939 2908 1193 2986 philosophorum

171 3008 263 3070 fastu.
308 3007 388 3067 hunc
415 3010 536 3069 servato
559 3006 719 3086 Homerico
748 3007 883 3085 epitheto
907 3005 1015 3068 οἴνοπα
1037 3010 1130 3067 vocat
1154 3008 1193 3067 ad

172 3104 401 3183 significandam
432 3104 594 3184 caliginem
625 3106 721 3165 monti
752 3104 893 3165 obfusam
923 3104 1066 3164 similiter
1097 3107 1193 3183 atque

173 3204 281 3263 Timon
304 3203 340 3262 fr.
364 3202 424 3262 VH
447 3225 474 3264 v.
502 3207 518 3263 1
548 3205 653 3287 σκιερῷ
678 3200 723 3264 ee
749 3197 836 3286 τύφῳ
859 3202 990 3280 scripsit.
1035 3201 1097 3280 ipsi
1119 3221 1192 3264 vero

173 3301 270 3377 cynici
297 3305 365 3361 tum
394 3301 452 3361 soli
478 3302 576 3379 τῦφον
600 3301 677 3362 nihil
699 3303 859 3378 curvent,
886 3300 979 3360 immo
998 3292 1193 3377 Ἀντισθένης

172 3392 228 3475 τὴν
263 3390 394 3474 ἆτοφίαν
425 3394 505 3470 τέλος
536 3392 672 3477 ἀπέφηνε
704 3391 812 3480 (Olem.
839 3398 925 3458 Alex.
956 3399 1060 3458 strom.
1087 3397 1120 3456 11
1149 3401 1189 3456 21

171 3515 201 3571 p.
228 3495 300 3571 190,
319 3495 367 3554 '34
391 3494 430 3572 8.,
452 3516 482 3573 p.
502 3497 565 3557 dee
589 3489 638 3578 P.)

574 3650 787 3660 ——-----·
