2548 4004
550 181 771 247 ..60-.

154 348 293 410 versibus
317 348 546 426 insequentibus
570 341 638 428 (21.
659 338 717 428 22)
742 341 818 408 οότι
842 343 936 428 μάχας
959 348 1052 412 διέπει
1073 347 1184 431 Τιτή-

155 467 227 506 νων
259 438 330 507 οὐδέ
356 436 557 526 Γιγάντων,
589 438 661 505 οὐδὲ
692 438 727 503 τά
757 440 952 524 Κενταύρωνς
984 451 1184 526 reprehendit

155 544 252 622 igitur
274 543 344 603 illos
367 544 421 621 qui
444 545 568 602 narrent
591 541 627 601 de
651 542 697 602 dis
720 541 841 603 fabulas
865 543 968 605 divino
988 547 1113 606 numine
1132 549 1181 607 in-

155 641 271 719 dignas,
294 642 400 719 quales
424 645 496 701 sunt
519 639 601 716 apud
623 639 694 700 illos
716 644 831 717 poetas.

245 738 333 808 Quod
365 758 437 799 vero
465 737 657 798 crediderunt
684 737 722 796 ab
749 737 917 816 Appuleio,
945 743 1041 812 florid.
1064 742 1108 800 IV
1135 745 1182 803 20

154 837 239 896 silios
254 827 585 913 Xenophanis‘sotires’
602 834 671 911 dici,
689 833 722 892 id
739 853 820 894 nunc
837 838 950 897 rectius
970 839 1008 898 ad
1023 837 1183 900 Oratetem

153 935 285 995 relatum
308 937 355 994 est
378 925 420 1013 (v.
439 927 542 1014 infru).
578 950 615 990 ea
637 931 766 1008 denique
785 951 863 1010 quse
881 937 998 1011 profert
1016 936 1181 1014 Menagius

155 1032 193 1091 ad
216 1032 316 1091 Laert.
339 1030 430 1108 Diog.
452 1030 495 1090 IX
522 1032 581 1090 111
608 1029 724 1106 „sancti
745 1034 849 1106 patres
873 1032 958 1092 sitlos
980 1034 1180 1111 Xenophanis

156 1129 286 1188 Sillenos
313 1122 450 1205 vocant“,
482 1147 551 1188 vere
579 1145 619 1186 an
646 1127 725 1186 falso
753 1127 815 1186 sint
842 1129 925 1190 dicta
947 1131 1061 1207 neeci03
1094 1135 1179 1192 certe

155 1226 294 1304 quamvis
317 1225 479 1303 diligenter
498 1224 700 1302 quaesiverim
718 1224 838 1284 nullum
856 1225 948 1284 huius
967 1227 1011 1286 rei
1030 1227 1181 1288 indicium

154 1342 283 1400 reppen.

221 1419 379 1479 Accedunt
405 1421 509 1478 autem
535 1419 635 1478 multa
662 1419 724 1476 alia
752 1417 864 1496 quibus
892 1420 1085 1498 Xenophanis
1113 1425 1180 1485 silli

156 1518 262 1596 quales
287 1517 401 1576 fuerint
424 1516 596 1574 accuratius
620 1514 816 1575 describatur.

220 1617 356 1676 Primum
389 1615 469 1675 enim
496 1615 663 1675 Homerum
690 1616 722 1672 et
748 1613 915 1674 Hesiodum
943 1633 962 1675 a
989 1618 1180 1696 Xenophane

155 1715 259 1774 irrisos
292 1732 356 1773 esse
388 1733 449 1773 non
481 1712 581 1772 solum
612 1713 765 1771 testantur
797 1712 829 1770 L.
858 1713 894 1771 D.
923 1715 943 1774 l.
968 1733 989 1774 s.
1017 1719 1050 1775 et
1077 1717 1109 1776 Π
1133 1722 1179 1779 46

155 1805 238 1872 καθά
272 1827 366 1888 φησιν
392 1803 588 1886 Ἀριστοτέλης
621 1804 654 1867 ἐν
685 1807 769 1890 τρίτῳ
802 1806 869 1887 περὶ
900 1813 1054 1890 ποιητικῆς
1087 1806 1178 1895 (dial.
1267 1818 1268 1825 ’

155 1907 221 1987 περὶ
250 1910 381 1984 ποιητῶν
408 1907 444 1964 ir.
470 1909 487 1965 7
512 1896 597 1985 Ros.)
625 1901 800 1980 ἐφιλονείκει
818 1953 825 1966 .
845 1953 852 1966 .
872 1951 879 1966 .
898 1903 1037 1988 moyses
1055 1902 1180 1994 Ὁμήρῳ

157 2007 252 2080 ζῶντι,
272 1996 458 2064 ἀποθανόντι
477 1998 510 2062 δὲ
527 1995 705 2079 Ξενοφάνης
723 1993 960 2082 ὅΚολοφάνιος,
978 2003 1029 2065 καί
1042 2003 1180 2086 Κέρκωψ

148 2097 281 2186 Ἡσιόδῳ
305 2102 405 2178 ζῶντι,
433 2090 633 2178 τελευτήσαντι
656 2095 689 2158 δὲ
713 2092 729 2160 ό
753 2097 964 2179 προειρημένος
986 2098 1178 2184 Ξενοφάνης,

156 2202 264 2263 Timon
297 2201 329 2259 in
356 2201 393 2259 fr.
420 2199 532 2259 XXXX
564 2190 752 2275 Ξεινοφάνης
784 2189 942 2275 ἀπάτωφος
968 2193 1180 2283 Ὁμηραπάτης

154 2294 327 2376 ἐπικόπτης,
349 2297 542 2373 Plutarchus
565 2295 698 2369 epaphra
721 2311 779 2369 τεῳ.
802 2295 888 2356 Hier.
911 2299 931 2354 4
954 2317 982 2374 p.
1006 2301 1067 2358 175
1083 2295 1180 2379 Ὅμη-

155 2417 206 2474 ρος
233 2389 270 2457 δν
296 2389 333 2456 σά
358 2385 562 2476 (Ξενοφάνης)
592 2384 753 2469 διασόρεις;
786 2411 892 2452 verum
920 2394 1013 2455 etiam
1041 2400 1178 2458 aetatem

154 2493 294 2554 tulerunt
317 2495 464 2568 quattuor
485 2505 592 2551 versus
610 2489 779 2566 hexametri
798 2481 848 2569 (fr.
868 2482 914 2572 Π)
934 2491 1044 2568 quibus
1063 2493 1177 2556 Home-

154 2609 224 2650 rum
245 2588 472 2664 Hesiodumque
506 2585 543 2647 ob
575 2585 696 2644 fabulas
728 2586 903 2646 inhonestas
931 2589 967 2647 de
996 2590 1059 2650 deis
1087 2591 1177 2652 fictus

154 2689 271 2748 lacerat
288 2686 495 2762 Xenophanes.
532 2687 599 2742 turn
618 2682 776 2742 Thaletem
793 2683 1000 2762 Pythagoram
1018 2687 1175 2764 Epimeni-

156 2787 223 2846 dem
237 2783 447 2862 perstrinxisse
461 2784 604 2840 narratur
618 2799 636 2838 a
650 2779 749 2840 Laert.
764 2780 853 2860 Diog.
868 2781 912 2840 ΙΧ
928 2785 968 2844 18
983 2779 1177 2858 ἀντιδοξάσαι

155 2904 184 2944 τε
207 2879 318 2963 λέγεται
343 2880 426 2962 Θαλῇ
449 2875 499 2938 καί
521 2870 705 2959 Πυθαγόρᾳ,
729 2871 932 2955 καθάψασθαι
960 2877 993 2940 δὲ
1020 2879 1071 2942 καὶ
1090 2876 1176 2946 Ἐπι-

156 2979 292 3060 peridem
315 2979 583 3058 Pythagoramque
605 2975 637 3033 in
661 2974 759 3054 elegia
782 2967 833 3056 (fr.
851 2977 891 3036 18
905 2971 1031 3060 Bergk.)
1051 2999 1174 3060 quoque

156 3079 318 3140 cavillatus
342 3079 389 3135 est
412 3073 449 3135 ob
474 3061 710 3151 μετεῳψάχωσιν,
739 3077 831 3151 atque
854 3074 1064 3152 Epimenidem
1086 3084 1176 3156 petet

156 3194 209 3235 cur
232 3191 395 3253 aggressus
419 3172 471 3249 sit;
496 3171 550 3230 ille
572 3168 653 3228 enim
674 3169 836 3251 θεογονίαν
859 3172 980 3249 scripsit
1003 3166 1054 3254 (cf.
1078 3177 1112 3236 L.
1136 3178 1173 3237 D.

154 3264 286 3353 1110),.
303 3270 502 3347 Xenophanes
525 3269 629 3326 autem
652 3265 729 3326 dixit
751 3285 802 3328 eos
827 3270 879 3346 qui
902 3269 973 3330 deos
996 3275 1085 3332 natos
1109 3291 1174 3334 esse

154 3369 348 3447 perhiberent
379 3386 440 3427 non
471 3366 571 3426 minus
603 3356 722 3443 ἀσεβεῖν
754 3383 845 3442 quam
875 3367 928 3444 qui
955 3355 1091 3430 mortuos
1121 3363 1174 3452 (cf.

155 3466 293 3544 Aristot,
329 3465 399 3524 rhet.
431 3463 463 3522 H
496 3453 562 3544 23).
617 3464 649 3520 et
690 3463 810 3540 egregie
852 3464 993 3526 carminis
1031 3471 1175 3528 naturum

157 3563 301 3624 describit
322 3558 415 3621 Arius
438 3560 588 3638 Didymus
617 3559 669 3636 qui
694 3559 725 3617 in
749 3557 827 3618 libro
850 3558 919 3638 περὶ
941 3559 1082 3640 αἱρέσεων
1109 3556 1174 3646 (ap.
