<?xml version="1.0" encoding="UTF-8"?>
<!DOCTYPE html PUBLIC "-//W3C//DTD XHTML 1.0 Transitional//EN"
    "http://www.w3.org/TR/xhtml1/DTD/xhtml1-transitional.dtd">
<html xmlns="http://www.w3.org/1999/xhtml" xml:lang="en" lang="en">
 <head>
  <title>
</title>
<meta http-equiv="Content-Type" content="text/html;charset=utf-8" />
  <meta name='ocr-system' content='tesseract 3.04.00' />
  <meta name='ocr-capabilities' content='ocr_page ocr_carea ocr_par ocr_line ocrx_word'/>
</head>
<body>
  <div class='ocr_page' id='page_1' title='image "./sillographorumg00wachgoog_0179.png"; bbox 0 0 2542 3996; ppageno 0'>
   <div class='ocr_carea' id='block_1_1' title="bbox 561 183 1202 248">
    <p class='ocr_par' dir='ltr' id='par_1_1' title="bbox 561 183 1202 248">
     <span class='ocr_line' id='line_1_1' title="bbox 561 183 1202 248; baseline 0.002 -2"><span class='ocrx_word' id='word_1_1' title='bbox 561 219 602 228; x_wconf 90' lang='lat'>-</span> <span class='ocrx_word' id='word_1_2' title='bbox 652 183 714 246; x_wconf 78' lang='lat'>176</span> <span class='ocrx_word' id='word_1_3' title='bbox 762 218 804 229; x_wconf 93' lang='lat'><em>-</em></span> <span class='ocrx_word' id='word_1_4' title='bbox 1064 204 1202 248; x_wconf 78' lang='lat' dir='ltr'>umorue</span> 
     </span>
    </p>
   </div>
   <div class='ocr_carea' id='block_1_2' title="bbox 176 337 1202 918">
    <p class='ocr_par' dir='ltr' id='par_1_2' title="bbox 176 337 1202 918">
     <span class='ocr_line' id='line_1_2' title="bbox 177 337 1202 430; baseline -0.005 -21"><span class='ocrx_word' id='word_1_5' title='bbox 177 347 331 430; x_wconf 73' lang='grc' dir='ltr'><strong><em>ἐγκυκλίου</em></strong></span> <span class='ocrx_word' id='word_1_6' title='bbox 359 346 495 420; x_wconf 75' lang='grc' dir='ltr'><strong><em>παιδείας</em></strong></span> <span class='ocrx_word' id='word_1_7' title='bbox 522 337 653 426; x_wconf 74' lang='grc' dir='ltr'><strong><em>ἀμύητος</em></strong></span> <span class='ocrx_word' id='word_1_8' title='bbox 677 338 719 406; x_wconf 77' lang='grc' dir='ltr'><strong><em>δν</em></strong></span> <span class='ocrx_word' id='word_1_9' title='bbox 742 339 896 425; x_wconf 78' lang='grc' dir='ltr'><strong><em>ἐμακάριζε</em></strong></span> <span class='ocrx_word' id='word_1_10' title='bbox 918 343 969 405; x_wconf 87' lang='grc' dir='ltr'>καί</span> <span class='ocrx_word' id='word_1_11' title='bbox 991 339 1060 417; x_wconf 77' lang='grc' dir='ltr'><strong><em>τοὺς</em></strong></span> <span class='ocrx_word' id='word_1_12' title='bbox 1082 337 1202 422; x_wconf 85' lang='grc' dir='ltr'><strong><em>ὁμοίως</em></strong></span> 
     </span>
     <span class='ocr_line' id='line_1_3' title="bbox 177 436 1200 528; baseline -0.002 -24"><span class='ocrx_word' id='word_1_13' title='bbox 177 439 256 528; x_wconf 76' lang='grc' dir='ltr'><strong><em>αὐτῷ</em></strong></span> <span class='ocrx_word' id='word_1_14' title='bbox 287 442 335 505; x_wconf 79' lang='grc' dir='ltr'>ἐπί</span> <span class='ocrx_word' id='word_1_15' title='bbox 369 444 551 520; x_wconf 77' lang='grc' dir='ltr'><strong><em>φιλοσοφίαν</em></strong></span> <span class='ocrx_word' id='word_1_16' title='bbox 578 439 797 525; x_wconf 76' lang='grc' dir='ltr'><strong><em>παρεχομένους</em></strong></span> <span class='ocrx_word' id='word_1_17' title='bbox 824 437 960 515; x_wconf 84' lang='grc' dir='ltr'><strong><em>τοιαύτας</em></strong></span> <span class='ocrx_word' id='word_1_18' title='bbox 989 436 1093 520; x_wconf 86' lang='grc' dir='ltr'><strong><em>φωνδις</em></strong></span> <span class='ocrx_word' id='word_1_19' title='bbox 1121 463 1200 520; x_wconf 90' lang='grc' dir='ltr'><strong><em>προ-</em></strong></span> 
     </span>
     <span class='ocr_line' id='line_1_4' title="bbox 178 529 1201 621; baseline -0.005 -17"><span class='ocrx_word' id='word_1_20' title='bbox 178 541 292 621; x_wconf 79' lang='grc' dir='ltr'><strong><em>ίίμενος</em></strong></span> <span class='ocrx_word' id='word_1_21' title='bbox 319 536 491 621; x_wconf 47' lang='grc' dir='ltr'>ε(μακαρίζω</span> <span class='ocrx_word' id='word_1_22' title='bbox 515 558 562 619; x_wconf 87' lang='grc' dir='ltr'>σε,</span> <span class='ocrx_word' id='word_1_23' title='bbox 594 531 617 602; x_wconf 80' lang='grc' dir='ltr'><strong><em>ὦ</em></strong></span> <span class='ocrx_word' id='word_1_24' title='bbox 647 529 747 618; x_wconf 76' lang='grc' dir='ltr'><strong><em>οὗτος,</em></strong></span> <span class='ocrx_word' id='word_1_25' title='bbox 774 534 820 602; x_wconf 78' lang='grc' dir='ltr'>δτι</span> <span class='ocrx_word' id='word_1_26' title='bbox 849 534 984 619; x_wconf 83' lang='grc' dir='ltr'><strong><em>καθαρὸς</em></strong></span> <span class='ocrx_word' id='word_1_27' title='bbox 1006 535 1104 618; x_wconf 71' lang='grc' dir='ltr'><strong><em>πάσης</em></strong></span> <span class='ocrx_word' id='word_1_28' title='bbox 1127 561 1201 600; x_wconf 91' lang='grc' dir='ltr'><strong><em>παι-</em></strong></span> 
     </span>
     <span class='ocr_line' id='line_1_5' title="bbox 179 631 1198 722; baseline -0.004 -20"><span class='ocrx_word' id='word_1_29' title='bbox 179 640 258 714; x_wconf 85' lang='grc' dir='ltr'><strong><em>δείας</em></strong></span> <span class='ocrx_word' id='word_1_30' title='bbox 282 633 339 722; x_wconf 86' lang='lat' dir='ltr'>(sic</span> <span class='ocrx_word' id='word_1_31' title='bbox 359 640 626 720; x_wconf 79' lang='lat' dir='ltr'>Schweighaeuser</span> <span class='ocrx_word' id='word_1_32' title='bbox 648 658 703 717; x_wconf 90' lang='lat' dir='ltr'>pro</span> <span class='ocrx_word' id='word_1_33' title='bbox 727 631 836 720; x_wconf 78' lang='grc' dir='ltr'><strong><em>αἰτίας)</em></strong></span> <span class='ocrx_word' id='word_1_34' title='bbox 861 635 908 698; x_wconf 82' lang='grc' dir='ltr'>ἐπί</span> <span class='ocrx_word' id='word_1_35' title='bbox 931 637 1113 715; x_wconf 80' lang='grc' dir='ltr'><strong><em>φιλοσοφίαν</em></strong></span> <span class='ocrx_word' id='word_1_36' title='bbox 1138 631 1198 714; x_wconf 73' lang='grc' dir='ltr'>ὥρ-</span> 
     </span>
     <span class='ocr_line' id='line_1_6' title="bbox 177 728 1200 817; baseline -0.006 -17"><span class='ocrx_word' id='word_1_37' title='bbox 177 732 304 817; x_wconf 80' lang='grc' dir='ltr'><strong><em>μησας”.</em></strong></span> <span class='ocrx_word' id='word_1_38' title='bbox 338 731 413 799; x_wconf 78' lang='grc' dir='ltr'><strong><em>ὅθεν</em></strong></span> <span class='ocrx_word' id='word_1_39' title='bbox 431 731 522 798; x_wconf 77' lang='grc' dir='ltr'><strong><em>αὐτὸν</em></strong></span> <span class='ocrx_word' id='word_1_40' title='bbox 537 734 586 798; x_wconf 87' lang='grc' dir='ltr'>καλ</span> <span class='ocrx_word' id='word_1_41' title='bbox 602 728 618 798; x_wconf 84' lang='grc' dir='ltr'><strong><em>δ</em></strong></span> <span class='ocrx_word' id='word_1_42' title='bbox 635 737 735 815; x_wconf 93' lang='grc' dir='ltr'><strong><em>Τίμων</em></strong></span> <span class='ocrx_word' id='word_1_43' title='bbox 750 735 827 814; x_wconf 83' lang='grc' dir='ltr'><strong><em>φησί</em></strong></span> <span class='ocrx_word' id='word_1_44' title='bbox 839 734 1200 816; x_wconf 74' lang='grc' dir='ltr'><strong><em>«γραμμοδιδασκαλίδην</em></strong></span> 
     </span>
     <span class='ocr_line' id='line_1_7' title="bbox 176 825 589 918; baseline -0.007 -22"><span class='ocrx_word' id='word_1_45' title='bbox 176 828 400 918; x_wconf 73' lang='grc' dir='ltr'><strong><em>ἀναγωγότατον</em></strong></span> <span class='ocrx_word' id='word_1_46' title='bbox 423 825 589 907; x_wconf 77' lang='grc' dir='ltr'><strong><em>ζωόντων».</em></strong></span> 
     </span>
    </p>
   </div>
   <div class='ocr_carea' id='block_1_3' title="bbox 176 958 1196 1573">
    <p class='ocr_par' dir='ltr' id='par_1_3' title="bbox 176 958 1196 1573">
     <span class='ocr_line' id='line_1_8' title="bbox 211 958 1196 1038; baseline -0.003 -14"><span class='ocrx_word' id='word_1_47' title='bbox 211 981 216 990; x_wconf 91' lang='grc'><strong>“</strong></span> <span class='ocrx_word' id='word_1_48' title='bbox 247 986 273 1026; x_wconf 78' lang='lat' dir='ltr'>v.</span> <span class='ocrx_word' id='word_1_49' title='bbox 294 977 308 1024; x_wconf 92' lang='lat'>1</span> <span class='ocrx_word' id='word_1_50' title='bbox 336 961 388 1026; x_wconf 76' lang='grc' dir='ltr'>οὖν</span> <span class='ocrx_word' id='word_1_51' title='bbox 408 971 537 1038; x_wconf 80' lang='grc' dir='ltr'><strong><em>φυσικῶν</em></strong></span> <span class='ocrx_word' id='word_1_52' title='bbox 555 971 647 1024; x_wconf 82' lang='lat' dir='ltr'>Laert.</span> <span class='ocrx_word' id='word_1_53' title='bbox 667 971 708 1036; x_wconf 81' lang='lat' dir='ltr'>A,</span> <span class='ocrx_word' id='word_1_54' title='bbox 734 961 771 1024; x_wconf 78' lang='grc' dir='ltr'>αὖ</span> <span class='ocrx_word' id='word_1_55' title='bbox 791 965 913 1038; x_wconf 80' lang='grc' dir='ltr'><strong><em>φυσικὸς</em></strong></span> <span class='ocrx_word' id='word_1_56' title='bbox 930 968 1052 1038; x_wconf 77' lang='lat' dir='ltr'>Hesyclu</span> <span class='ocrx_word' id='word_1_57' title='bbox 1072 966 1112 1036; x_wconf 77' lang='lat' dir='ltr'>A,</span> <span class='ocrx_word' id='word_1_58' title='bbox 1140 958 1196 1023; x_wconf 77' lang='grc' dir='ltr'>οὖν</span> 
     </span>
     <span class='ocr_line' id='line_1_9' title="bbox 177 1055 1195 1129; baseline -0.002 -17"><span class='ocrx_word' id='word_1_59' title='bbox 177 1055 297 1127; x_wconf 83' lang='grc' dir='ltr'><strong><em>φυσικὸς</em></strong></span> <span class='ocrx_word' id='word_1_60' title='bbox 314 1059 407 1114; x_wconf 83' lang='lat' dir='ltr'>Laert.</span> <span class='ocrx_word' id='word_1_61' title='bbox 424 1060 461 1113; x_wconf 88' lang='lat' dir='ltr'><strong><em>M</em></strong></span> <span class='ocrx_word' id='word_1_62' title='bbox 477 1058 577 1114; x_wconf 88' lang='lat' dir='ltr'>Venet.</span> <span class='ocrx_word' id='word_1_63' title='bbox 593 1057 623 1114; x_wconf 90' lang='lat' dir='ltr'>et</span> <span class='ocrx_word' id='word_1_64' title='bbox 636 1061 674 1129; x_wconf 74' lang='grc' dir='ltr'>[ΙΙ</span> <span class='ocrx_word' id='word_1_65' title='bbox 688 1077 713 1114; x_wconf 85' lang='lat' dir='ltr'>v.</span> <span class='ocrx_word' id='word_1_66' title='bbox 728 1064 744 1112; x_wconf 90' lang='grc'>2</span> <span class='ocrx_word' id='word_1_67' title='bbox 764 1057 1081 1129; x_wconf 71' lang='grc' dir='ltr'><strong><em>γραμμαδιδασκαλίδης</em></strong></span> <span class='ocrx_word' id='word_1_68' title='bbox 1099 1057 1195 1111; x_wconf 84' lang='lat' dir='ltr'>Laert.</span> 
     </span>
     <span class='ocr_line' id='line_1_10' title="bbox 176 1144 1195 1218; baseline -0.002 -16"><span class='ocrx_word' id='word_1_69' title='bbox 176 1145 372 1218; x_wconf 63' lang='lat' dir='ltr'><strong><em>BF’GPW,</em></strong></span> <span class='ocrx_word' id='word_1_70' title='bbox 388 1147 507 1216; x_wconf 86' lang='lat' dir='ltr'>Hesych.</span> <span class='ocrx_word' id='word_1_71' title='bbox 529 1149 614 1217; x_wconf 90' lang='lat' dir='ltr'>(quod</span> <span class='ocrx_word' id='word_1_72' title='bbox 633 1146 733 1217; x_wconf 91' lang='lat' dir='ltr'>reponi</span> <span class='ocrx_word' id='word_1_73' title='bbox 750 1145 830 1201; x_wconf 85' lang='lat' dir='ltr'>iubet</span> <span class='ocrx_word' id='word_1_74' title='bbox 843 1145 952 1200; x_wconf 76' lang='lat' dir='ltr'>Barkes</span> <span class='ocrx_word' id='word_1_75' title='bbox 969 1144 1000 1198; x_wconf 91' lang='lat' dir='ltr'>in</span> <span class='ocrx_word' id='word_1_76' title='bbox 1014 1145 1101 1201; x_wconf 86' lang='lat' dir='ltr'>wolfi</span> <span class='ocrx_word' id='word_1_77' title='bbox 1119 1146 1195 1200; x_wconf 86' lang='lat' dir='ltr'>anal.</span> 
     </span>
     <span class='ocr_line' id='line_1_11' title="bbox 176 1235 1194 1306; baseline -0.003 -15"><span class='ocrx_word' id='word_1_78' title='bbox 176 1236 260 1291; x_wconf 81' lang='lat' dir='ltr'>litter.</span> <span class='ocrx_word' id='word_1_79' title='bbox 281 1235 335 1290; x_wconf 88' lang='lat'>1111</span> <span class='ocrx_word' id='word_1_80' title='bbox 354 1255 380 1306; x_wconf 91' lang='lat' dir='ltr'>p.</span> <span class='ocrx_word' id='word_1_81' title='bbox 402 1241 454 1291; x_wconf 71' lang='lat'>544</span> <span class='ocrx_word' id='word_1_82' title='bbox 473 1239 503 1291; x_wconf 87' lang='lat' dir='ltr'>et</span> <span class='ocrx_word' id='word_1_83' title='bbox 520 1235 633 1291; x_wconf 84' lang='lat' dir='ltr'>Lobeck</span> <span class='ocrx_word' id='word_1_84' title='bbox 651 1237 688 1291; x_wconf 90' lang='lat' dir='ltr'>ad</span> <span class='ocrx_word' id='word_1_85' title='bbox 706 1235 855 1305; x_wconf 86' lang='lat' dir='ltr'>Phryuieh.</span> <span class='ocrx_word' id='word_1_86' title='bbox 875 1254 902 1305; x_wconf 91' lang='lat' dir='ltr'>p.</span> <span class='ocrx_word' id='word_1_87' title='bbox 922 1237 999 1304; x_wconf 82' lang='lat'>669):</span> <span class='ocrx_word' id='word_1_88' title='bbox 1019 1236 1194 1304; x_wconf 83' lang='grc' dir='ltr'><strong><em>γραμοδιδα-</em></strong></span> 
     </span>
     <span class='ocr_line' id='line_1_12' title="bbox 178 1321 1196 1396; baseline 0 -17"><span class='ocrx_word' id='word_1_89' title='bbox 178 1323 471 1396; x_wconf 58' lang='lat' dir='ltr'>correptiorem</span> <span class='ocrx_word' id='word_1_90' title='bbox 490 1327 808 1395; x_wconf 79' lang='grc' dir='ltr'><strong><em>γραμμαδιδασκαλίδης</em></strong></span> <span class='ocrx_word' id='word_1_91' title='bbox 826 1323 920 1378; x_wconf 82' lang='lat' dir='ltr'>haert.</span> <span class='ocrx_word' id='word_1_92' title='bbox 931 1321 973 1378; x_wconf 59' lang='lat'>1³¹</span> <span class='ocrx_word' id='word_1_93' title='bbox 991 1323 1079 1393; x_wconf 87' lang='lat' dir='ltr'>(quod</span> <span class='ocrx_word' id='word_1_94' title='bbox 1098 1323 1196 1379; x_wconf 84' lang='lat' dir='ltr'>defen-</span> 
     </span>
     <span class='ocr_line' id='line_1_13' title="bbox 178 1409 1194 1484; baseline 0 -18"><span class='ocrx_word' id='word_1_95' title='bbox 178 1411 222 1468; x_wconf 88' lang='lat' dir='ltr'>dit</span> <span class='ocrx_word' id='word_1_96' title='bbox 239 1413 269 1467; x_wconf 84' lang='lat' dir='ltr'>L.</span> <span class='ocrx_word' id='word_1_97' title='bbox 288 1411 412 1468; x_wconf 85' lang='lat' dir='ltr'>Dindorf</span> <span class='ocrx_word' id='word_1_98' title='bbox 426 1412 456 1467; x_wconf 92' lang='lat' dir='ltr'>in</span> <span class='ocrx_word' id='word_1_99' title='bbox 476 1412 613 1483; x_wconf 76' lang='lat' dir='ltr'>Stephani</span> <span class='ocrx_word' id='word_1_100' title='bbox 635 1412 725 1468; x_wconf 84' lang='lat' dir='ltr'>lexico</span> <span class='ocrx_word' id='word_1_101' title='bbox 742 1431 768 1468; x_wconf 84' lang='lat' dir='ltr'>v.</span> <span class='ocrx_word' id='word_1_102' title='bbox 788 1409 1010 1484; x_wconf 63' lang='lat' dir='ltr'>resurrecturos),</span> <span class='ocrx_word' id='word_1_103' title='bbox 1035 1414 1194 1482; x_wconf 82' lang='grc' dir='ltr'><strong><em>γραμμαδι-</em></strong></span> 
     </span>
     <span class='ocr_line' id='line_1_14' title="bbox 177 1497 1194 1573; baseline 0.002 -19"><span class='ocrx_word' id='word_1_104' title='bbox 177 1501 351 1570; x_wconf 72' lang='grc' dir='ltr'><strong><em>δαωιαλίδητ</em></strong></span> <span class='ocrx_word' id='word_1_105' title='bbox 362 1501 463 1556; x_wconf 85' lang='lat' dir='ltr'>Athen.</span> <span class='ocrx_word' id='word_1_106' title='bbox 481 1502 484 1573; x_wconf 74' lang='lat' dir='ltr'>l</span> <span class='ocrx_word' id='word_1_107' title='bbox 501 1497 716 1571; x_wconf 74' lang='grc' dir='ltr'><strong><em>ἀναγωγότατος</em></strong></span> <span class='ocrx_word' id='word_1_108' title='bbox 729 1503 822 1557; x_wconf 86' lang='lat' dir='ltr'>Laert.</span> <span class='ocrx_word' id='word_1_109' title='bbox 832 1502 851 1569; x_wconf 77' lang='lat' dir='ltr'><em>f</em></span> <span class='ocrx_word' id='word_1_110' title='bbox 861 1503 866 1571; x_wconf 84' lang='grc' dir='ltr'>Ι</span> <span class='ocrx_word' id='word_1_111' title='bbox 882 1500 1018 1568; x_wconf 74' lang='grc' dir='ltr'><strong><em>ζωόντων</em></strong></span> <span class='ocrx_word' id='word_1_112' title='bbox 1032 1499 1157 1570; x_wconf 82' lang='lat' dir='ltr'>Hceyoh.</span> <span class='ocrx_word' id='word_1_113' title='bbox 1168 1502 1194 1556; x_wconf 76' lang='lat' dir='ltr'><strong><em>A</em></strong></span> 
     </span>
    </p>
   </div>
   <div class='ocr_carea' id='block_1_4' title="bbox 244 1705 1196 1784">
    <p class='ocr_par' dir='ltr' id='par_1_4' title="bbox 244 1675 1264 1784">
     <span class='ocr_line' id='line_1_15' title="bbox 244 1705 1196 1784; baseline -0.003 -16"><span class='ocrx_word' id='word_1_114' title='bbox 244 1726 339 1768; x_wconf 85' lang='lat' dir='ltr'>oouu.</span> <span class='ocrx_word' id='word_1_115' title='bbox 376 1708 446 1767; x_wconf 83' lang='lat' dir='ltr'>Non</span> <span class='ocrx_word' id='word_1_116' title='bbox 477 1707 576 1766; x_wconf 90' lang='lat' dir='ltr'>solum</span> <span class='ocrx_word' id='word_1_117' title='bbox 608 1707 763 1765; x_wconf 88' lang='lat' dir='ltr'>ultimus</span> <span class='ocrx_word' id='word_1_118' title='bbox 795 1705 991 1784; x_wconf 87' lang='lat' dir='ltr'>physicorum</span> <span class='ocrx_word' id='word_1_119' title='bbox 1021 1707 1196 1784; x_wconf 87' lang='lat' dir='ltr'>appellatur</span> 
     </span>
    </p>
   </div>
   <div class='ocr_carea' id='block_1_5' title="bbox 177 1795 1195 2178">
    <p class='ocr_par' dir='ltr' id='par_1_5' title="bbox 177 1795 1195 2178">
     <span class='ocr_line' id='line_1_16' title="bbox 178 1795 1194 1887; baseline 0 -23"><span class='ocrx_word' id='word_1_120' title='bbox 178 1805 341 1882; x_wconf 60' lang='lat' dir='ltr'>Epicurum</span> <span class='ocrx_word' id='word_1_121' title='bbox 365 1805 417 1864; x_wconf 86' lang='lat' dir='ltr'>sed</span> <span class='ocrx_word' id='word_1_122' title='bbox 439 1808 476 1864; x_wconf 83' lang='lat' dir='ltr'>ut</span> <span class='ocrx_word' id='word_1_123' title='bbox 495 1804 633 1882; x_wconf 81' lang='lat' dir='ltr'>Sophron</span> <span class='ocrx_word' id='word_1_124' title='bbox 656 1804 732 1864; x_wconf 83' lang='lat' dir='ltr'>dixit</span> <span class='ocrx_word' id='word_1_125' title='bbox 751 1795 1016 1887; x_wconf 63' lang='lat' dir='ltr'>(succurrens.)</span> <span class='ocrx_word' id='word_1_126' title='bbox 1040 1795 1194 1883; x_wconf 76' lang='grc' dir='ltr'><strong><em>προβάτου</em></strong></span> 
     </span>
     <span class='ocr_line' id='line_1_17' title="bbox 178 1894 1195 1987; baseline 0.002 -27"><span class='ocrx_word' id='word_1_127' title='bbox 178 1896 374 1980; x_wconf 79' lang='grc' dir='ltr'><strong><em>προβοίτερον,</em></strong></span> <span class='ocrx_word' id='word_1_128' title='bbox 399 1894 461 1972; x_wconf 80' lang='grc' dir='ltr'><strong><em>διὸς</em></strong></span> <span class='ocrx_word' id='word_1_129' title='bbox 480 1894 624 1979; x_wconf 85' lang='grc' dir='ltr'><strong><em>ὀιότερον,</em></strong></span> <span class='ocrx_word' id='word_1_130' title='bbox 648 1901 690 1960; x_wconf 87' lang='lat' dir='ltr'>sic</span> <span class='ocrx_word' id='word_1_131' title='bbox 710 1902 817 1960; x_wconf 78' lang='lat' dir='ltr'>Timon</span> <span class='ocrx_word' id='word_1_132' title='bbox 836 1902 936 1963; x_wconf 83' lang='lat' dir='ltr'>voluit</span> <span class='ocrx_word' id='word_1_133' title='bbox 953 1897 1089 1981; x_wconf 72' lang='grc' dir='ltr'><strong><em>ὕστατον,</em></strong></span> <span class='ocrx_word' id='word_1_134' title='bbox 1115 1903 1195 1987; x_wconf 85' lang='lat' dir='ltr'>quod</span> 
     </span>
     <span class='ocr_line' id='line_1_18' title="bbox 178 1991 1195 2078; baseline 0.006 -21"><span class='ocrx_word' id='word_1_135' title='bbox 178 2000 265 2059; x_wconf 86' lang='lat' dir='ltr'>iuxta</span> <span class='ocrx_word' id='word_1_136' title='bbox 278 1994 421 2060; x_wconf 76' lang='grc' dir='ltr'><strong><em>κύντατον</em></strong></span> <span class='ocrx_word' id='word_1_137' title='bbox 435 2017 453 2058; x_wconf 89' lang='lat' dir='ltr'>a</span> <span class='ocrx_word' id='word_1_138' title='bbox 467 2016 540 2059; x_wconf 88' lang='lat' dir='ltr'>voce</span> <span class='ocrx_word' id='word_1_139' title='bbox 554 1991 637 2058; x_wconf 78' lang='grc' dir='ltr'><strong><em>κύων</em></strong></span> <span class='ocrx_word' id='word_1_140' title='bbox 651 1999 822 2061; x_wconf 83' lang='lat' dir='ltr'>derivatum</span> <span class='ocrx_word' id='word_1_141' title='bbox 840 2000 952 2078; x_wconf 80' lang='lat' dir='ltr'>posuit,</span> <span class='ocrx_word' id='word_1_142' title='bbox 971 2002 1195 2078; x_wconf 77' lang='lat' dir='ltr'>superlativum</span> 
     </span>
     <span class='ocr_line' id='line_1_19' title="bbox 177 2085 1195 2178; baseline 0.001 -22"><span class='ocrx_word' id='word_1_143' title='bbox 177 2115 241 2157; x_wconf 89' lang='lat' dir='ltr'>esse</span> <span class='ocrx_word' id='word_1_144' title='bbox 260 2097 407 2157; x_wconf 78' lang='lat' dir='ltr'>audacter</span> <span class='ocrx_word' id='word_1_145' title='bbox 424 2097 590 2156; x_wconf 89' lang='lat' dir='ltr'>formatum</span> <span class='ocrx_word' id='word_1_146' title='bbox 609 2115 626 2155; x_wconf 84' lang='lat' dir='ltr'>a</span> <span class='ocrx_word' id='word_1_147' title='bbox 645 2115 717 2156; x_wconf 88' lang='lat' dir='ltr'>voce</span> <span class='ocrx_word' id='word_1_148' title='bbox 736 2085 772 2168; x_wconf 77' lang='grc' dir='ltr'>ὗς</span> <span class='ocrx_word' id='word_1_149' title='bbox 791 2088 843 2177; x_wconf 80' lang='lat' dir='ltr'>(cf.</span> <span class='ocrx_word' id='word_1_150' title='bbox 859 2097 990 2158; x_wconf 89' lang='lat' dir='ltr'>Orellius</span> <span class='ocrx_word' id='word_1_151' title='bbox 1010 2098 1049 2157; x_wconf 85' lang='lat' dir='ltr'>ed</span> <span class='ocrx_word' id='word_1_152' title='bbox 1063 2099 1195 2178; x_wconf 82' lang='lat' dir='ltr'>Hesych.</span> 
     </span>
    </p>
   </div>
   <div class='ocr_carea' id='block_1_6' title="bbox 176 2188 1264 2276">
    <p class='ocr_par' dir='ltr' id='par_1_6' title="bbox 176 2188 1264 2276">
     <span class='ocr_line' id='line_1_20' title="bbox 176 2188 1264 2276; baseline 0.005 -23"><span class='ocrx_word' id='word_1_153' title='bbox 176 2194 272 2254; x_wconf 88' lang='lat' dir='ltr'>Miles.</span> <span class='ocrx_word' id='word_1_154' title='bbox 291 2215 319 2272; x_wconf 89' lang='lat' dir='ltr'>p.</span> <span class='ocrx_word' id='word_1_155' title='bbox 336 2188 402 2276; x_wconf 89' lang='grc'>22).</span> <span class='ocrx_word' id='word_1_156' title='bbox 439 2195 515 2253; x_wconf 85' lang='lat' dir='ltr'>talia</span> <span class='ocrx_word' id='word_1_157' title='bbox 538 2194 673 2255; x_wconf 80' lang='lat' dir='ltr'>convicia</span> <span class='ocrx_word' id='word_1_158' title='bbox 695 2195 727 2254; x_wconf 94' lang='lat' dir='ltr'>in</span> <span class='ocrx_word' id='word_1_159' title='bbox 745 2196 912 2272; x_wconf 84' lang='lat' dir='ltr'>Epicurum</span> <span class='ocrx_word' id='word_1_160' title='bbox 935 2197 1124 2274; x_wconf 82' lang='lat' dir='ltr'>congessisse</span> <span class='ocrx_word' id='word_1_161' title='bbox 1147 2199 1195 2257; x_wconf 82' lang='lat' dir='ltr'>Ti·</span> <span class='ocrx_word' id='word_1_162' title='bbox 1263 2253 1264 2264; x_wconf 69' lang='grc'>,</span> 
     </span>
    </p>
   </div>
   <div class='ocr_carea' id='block_1_7' title="bbox 176 2271 1264 2567">
    <p class='ocr_par' dir='ltr' id='par_1_7' title="bbox 176 2271 1264 2567">
     <span class='ocr_line' id='line_1_21' title="bbox 176 2271 1264 2373; baseline 0.003 -23"><span class='ocrx_word' id='word_1_163' title='bbox 176 2312 295 2353; x_wconf 91' lang='lat' dir='ltr'>monem</span> <span class='ocrx_word' id='word_1_164' title='bbox 328 2293 420 2353; x_wconf 84' lang='lat' dir='ltr'>etium</span> <span class='ocrx_word' id='word_1_165' title='bbox 452 2294 622 2370; x_wconf 84' lang='lat' dir='ltr'>fragmento</span> <span class='ocrx_word' id='word_1_166' title='bbox 649 2293 785 2368; x_wconf 78' lang='lat' dir='ltr'>proximo</span> <span class='ocrx_word' id='word_1_167' title='bbox 816 2294 1054 2371; x_wconf 84' lang='lat' dir='ltr'>demonstratur,</span> <span class='ocrx_word' id='word_1_168' title='bbox 1090 2314 1195 2373; x_wconf 87' lang='lat' dir='ltr'>quam·</span> <span class='ocrx_word' id='word_1_169' title='bbox 1263 2271 1264 2326; x_wconf 57' lang='lat' dir='ltr'>l</span> 
     </span>
     <span class='ocr_line' id='line_1_22' title="bbox 179 2389 1264 2470; baseline 0.004 -20"><span class='ocrx_word' id='word_1_170' title='bbox 179 2410 270 2467; x_wconf 86' lang='lat' dir='ltr'>quam</span> <span class='ocrx_word' id='word_1_171' title='bbox 297 2410 357 2451; x_wconf 85' lang='lat' dir='ltr'>non</span> <span class='ocrx_word' id='word_1_172' title='bbox 381 2391 485 2468; x_wconf 91' lang='lat' dir='ltr'>potuit</span> <span class='ocrx_word' id='word_1_173' title='bbox 511 2390 646 2466; x_wconf 87' lang='lat' dir='ltr'>iniquius</span> <span class='ocrx_word' id='word_1_174' title='bbox 674 2389 821 2450; x_wconf 88' lang='lat' dir='ltr'>iudicium</span> <span class='ocrx_word' id='word_1_175' title='bbox 847 2392 921 2450; x_wconf 88' lang='lat' dir='ltr'>ferri</span> <span class='ocrx_word' id='word_1_176' title='bbox 944 2392 981 2451; x_wconf 88' lang='lat' dir='ltr'>de</span> <span class='ocrx_word' id='word_1_177' title='bbox 1002 2393 1195 2470; x_wconf 83' lang='lat' dir='ltr'>philosopho,</span> <span class='ocrx_word' id='word_1_178' title='bbox 1263 2419 1264 2454; x_wconf 59' lang='grc' dir='ltr'><strong><em>ι</em></strong></span> 
     </span>
     <span class='ocr_line' id='line_1_23' title="bbox 176 2487 1264 2567; baseline 0.005 -21"><span class='ocrx_word' id='word_1_179' title='bbox 176 2487 230 2564; x_wconf 92' lang='lat' dir='ltr'>qui</span> <span class='ocrx_word' id='word_1_180' title='bbox 256 2490 448 2564; x_wconf 83' lang='lat' dir='ltr'>voluptatem</span> <span class='ocrx_word' id='word_1_181' title='bbox 476 2507 626 2547; x_wconf 88' lang='lat' dir='ltr'>summum</span> <span class='ocrx_word' id='word_1_182' title='bbox 654 2488 777 2566; x_wconf 86' lang='lat' dir='ltr'>quidem</span> <span class='ocrx_word' id='word_1_183' title='bbox 803 2489 916 2550; x_wconf 90' lang='lat' dir='ltr'>bonum</span> <span class='ocrx_word' id='word_1_184' title='bbox 944 2489 1032 2567; x_wconf 78' lang='lat' dir='ltr'>dixit,</span> <span class='ocrx_word' id='word_1_185' title='bbox 1061 2490 1196 2551; x_wconf 83' lang='lat' dir='ltr'>sobriam</span> <span class='ocrx_word' id='word_1_186' title='bbox 1263 2527 1264 2542; x_wconf 53' lang='grc' dir='ltr'><strong><em>ι</em></strong></span> 
     </span>
    </p>
   </div>
   <div class='ocr_carea' id='block_1_8' title="bbox 175 2559 1264 2764">
    <p class='ocr_par' dir='ltr' id='par_1_8' title="bbox 175 2559 1264 2764">
     <span class='ocr_line' id='line_1_24' title="bbox 175 2559 1264 2665; baseline 0.006 -23"><span class='ocrx_word' id='word_1_187' title='bbox 175 2588 277 2643; x_wconf 86' lang='lat' dir='ltr'>temen</span> <span class='ocrx_word' id='word_1_188' title='bbox 301 2603 336 2643; x_wconf 85' lang='lat' dir='ltr'>ec</span> <span class='ocrx_word' id='word_1_189' title='bbox 359 2585 482 2662; x_wconf 85' lang='lat' dir='ltr'>siccam,</span> <span class='ocrx_word' id='word_1_190' title='bbox 514 2588 544 2645; x_wconf 92' lang='lat' dir='ltr'>et</span> <span class='ocrx_word' id='word_1_191' title='bbox 574 2587 745 2646; x_wconf 75' lang='lat' dir='ltr'>accuratius</span> <span class='ocrx_word' id='word_1_192' title='bbox 774 2587 903 2665; x_wconf 86' lang='lat' dir='ltr'>definiit,</span> <span class='ocrx_word' id='word_1_193' title='bbox 932 2587 992 2648; x_wconf 80' lang='lat' dir='ltr'>duo</span> <span class='ocrx_word' id='word_1_194' title='bbox 1020 2587 1103 2648; x_wconf 84' lang='lat' dir='ltr'>bonu</span> <span class='ocrx_word' id='word_1_195' title='bbox 1131 2609 1195 2650; x_wconf 90' lang='lat' dir='ltr'>esse</span> <span class='ocrx_word' id='word_1_196' title='bbox 1263 2559 1264 2626; x_wconf 75' lang='lat' dir='ltr'>l</span> 
     </span>
     <span class='ocr_line' id='line_1_25' title="bbox 177 2673 1264 2764; baseline 0.005 -25"><span class='ocrx_word' id='word_1_197' title='bbox 177 2699 212 2739; x_wconf 83' lang='lat' dir='ltr'>ex</span> <span class='ocrx_word' id='word_1_198' title='bbox 231 2681 341 2758; x_wconf 90' lang='lat' dir='ltr'>quibus</span> <span class='ocrx_word' id='word_1_199' title='bbox 360 2681 492 2757; x_wconf 86' lang='lat' dir='ltr'>primum</span> <span class='ocrx_word' id='word_1_200' title='bbox 509 2681 587 2742; x_wconf 88' lang='lat' dir='ltr'>illud</span> <span class='ocrx_word' id='word_1_201' title='bbox 605 2683 789 2762; x_wconf 81' lang='lat' dir='ltr'>beatumque</span> <span class='ocrx_word' id='word_1_202' title='bbox 807 2689 1014 2762; x_wconf 68' lang='lat' dir='ltr'>componatuu</span> <span class='ocrx_word' id='word_1_203' title='bbox 1033 2690 1071 2746; x_wconf 90' lang='lat' dir='ltr'>ut</span> <span class='ocrx_word' id='word_1_204' title='bbox 1085 2705 1195 2764; x_wconf 82' lang='lat' dir='ltr'>corpus</span> <span class='ocrx_word' id='word_1_205' title='bbox 1263 2673 1264 2744; x_wconf 58' lang='lat' dir='ltr'>J</span> 
     </span>
    </p>
   </div>
   <div class='ocr_carea' id='block_1_9' title="bbox 174 2779 1196 3056">
    <p class='ocr_par' dir='ltr' id='par_1_9' title="bbox 174 2779 1196 3056">
     <span class='ocr_line' id='line_1_26' title="bbox 178 2779 1194 2859; baseline 0.005 -21"><span class='ocrx_word' id='word_1_206' title='bbox 178 2779 242 2838; x_wconf 90' lang='lat' dir='ltr'>sine</span> <span class='ocrx_word' id='word_1_207' title='bbox 265 2779 368 2840; x_wconf 85' lang='lat' dir='ltr'>dolore</span> <span class='ocrx_word' id='word_1_208' title='bbox 392 2780 444 2857; x_wconf 83' lang='lat' dir='ltr'>sit,</span> <span class='ocrx_word' id='word_1_209' title='bbox 468 2780 587 2840; x_wconf 84' lang='lat' dir='ltr'>enimus</span> <span class='ocrx_word' id='word_1_210' title='bbox 611 2780 674 2841; x_wconf 90' lang='lat' dir='ltr'>sine</span> <span class='ocrx_word' id='word_1_211' title='bbox 697 2781 935 2859; x_wconf 62' lang='lat' dir='ltr'>pertubatione,</span> <span class='ocrx_word' id='word_1_212' title='bbox 960 2786 990 2842; x_wconf 90' lang='lat' dir='ltr'>et</span> <span class='ocrx_word' id='word_1_213' title='bbox 1014 2801 1092 2859; x_wconf 86' lang='lat' dir='ltr'>quee</span> <span class='ocrx_word' id='word_1_214' title='bbox 1113 2784 1194 2843; x_wconf 89' lang='lat' dir='ltr'>simi·</span> 
     </span>
     <span class='ocr_line' id='line_1_27' title="bbox 176 2877 1195 2958; baseline 0.006 -22"><span class='ocrx_word' id='word_1_215' title='bbox 176 2877 247 2938; x_wconf 89' lang='lat' dir='ltr'>liter</span> <span class='ocrx_word' id='word_1_216' title='bbox 269 2878 409 2956; x_wconf 84' lang='lat' dir='ltr'>exposuit</span> <span class='ocrx_word' id='word_1_217' title='bbox 431 2879 513 2956; x_wconf 84' lang='lat' dir='ltr'>apud</span> <span class='ocrx_word' id='word_1_218' title='bbox 535 2879 634 2940; x_wconf 87' lang='lat' dir='ltr'>Leert.</span> <span class='ocrx_word' id='word_1_219' title='bbox 654 2880 682 2940; x_wconf 90' lang='lat' dir='ltr'><strong>X</strong></span> <span class='ocrx_word' id='word_1_220' title='bbox 703 2882 763 2940; x_wconf 85' lang='lat'>131</span> <span class='ocrx_word' id='word_1_221' title='bbox 782 2898 824 2957; x_wconf 87' lang='lat' dir='ltr'>sq.</span> <span class='ocrx_word' id='word_1_222' title='bbox 861 2899 960 2958; x_wconf 89' lang='lat' dir='ltr'>neque</span> <span class='ocrx_word' id='word_1_223' title='bbox 981 2880 1083 2940; x_wconf 89' lang='lat' dir='ltr'>minus</span> <span class='ocrx_word' id='word_1_224' title='bbox 1107 2884 1195 2942; x_wconf 82' lang='lat' dir='ltr'>meli-</span> 
     </span>
     <span class='ocr_line' id='line_1_28' title="bbox 174 2975 1196 3056; baseline 0.007 -22"><span class='ocrx_word' id='word_1_225' title='bbox 174 2975 251 3036; x_wconf 88' lang='lat' dir='ltr'>tiose</span> <span class='ocrx_word' id='word_1_226' title='bbox 277 2975 366 3037; x_wconf 83' lang='lat' dir='ltr'>Samo</span> <span class='ocrx_word' id='word_1_227' title='bbox 394 2976 512 3038; x_wconf 82' lang='lat' dir='ltr'>venisse</span> <span class='ocrx_word' id='word_1_228' title='bbox 539 2976 679 3056; x_wconf 84' lang='lat' dir='ltr'>fingitur,</span> <span class='ocrx_word' id='word_1_229' title='bbox 713 2996 781 3036; x_wconf 90' lang='lat' dir='ltr'>eum</span> <span class='ocrx_word' id='word_1_230' title='bbox 808 2976 1000 3038; x_wconf 86' lang='lat' dir='ltr'>Atheniensis</span> <span class='ocrx_word' id='word_1_231' title='bbox 1024 2979 1119 3040; x_wconf 70' lang='lat' dir='ltr'>fixerit</span> <span class='ocrx_word' id='word_1_232' title='bbox 1143 2981 1196 3041; x_wconf 88' lang='lat' dir='ltr'>sed</span> 
     </span>
    </p>
   </div>
   <div class='ocr_carea' id='block_1_10' title="bbox 174 3073 1264 3156">
    <p class='ocr_par' dir='ltr' id='par_1_10' title="bbox 174 3073 1264 3156">
     <span class='ocr_line' id='line_1_29' title="bbox 174 3073 1264 3156; baseline 0.005 -24"><span class='ocrx_word' id='word_1_233' title='bbox 174 3073 350 3136; x_wconf 76' lang='lat' dir='ltr'>adulescens</span> <span class='ocrx_word' id='word_1_234' title='bbox 373 3078 494 3135; x_wconf 82' lang='lat' dir='ltr'>tentum</span> <span class='ocrx_word' id='word_1_235' title='bbox 517 3093 586 3134; x_wconf 89' lang='lat' dir='ltr'>cum</span> <span class='ocrx_word' id='word_1_236' title='bbox 607 3079 694 3152; x_wconf 85' lang='lat' dir='ltr'>patre</span> <span class='ocrx_word' id='word_1_237' title='bbox 718 3078 749 3136; x_wconf 92' lang='lat' dir='ltr'>et</span> <span class='ocrx_word' id='word_1_238' title='bbox 771 3077 866 3135; x_wconf 76' lang='lat' dir='ltr'>fratre</span> <span class='ocrx_word' id='word_1_239' title='bbox 891 3075 974 3135; x_wconf 85' lang='lat' dir='ltr'>Semi</span> <span class='ocrx_word' id='word_1_240' title='bbox 997 3075 1195 3156; x_wconf 84' lang='lat' dir='ltr'>habitaverit,</span> <span class='ocrx_word' id='word_1_241' title='bbox 1263 3101 1264 3150; x_wconf 59' lang='grc' dir='ltr'><strong><em>ι</em></strong></span> 
     </span>
    </p>
   </div>
   <div class='ocr_carea' id='block_1_11' title="bbox 171 3165 1194 3442">
    <p class='ocr_par' dir='ltr' id='par_1_11' title="bbox 171 3165 1194 3442">
     <span class='ocr_line' id='line_1_30' title="bbox 177 3165 1194 3258; baseline 0.006 -28"><span class='ocrx_word' id='word_1_242' title='bbox 177 3191 236 3247; x_wconf 90' lang='lat' dir='ltr'>quo</span> <span class='ocrx_word' id='word_1_243' title='bbox 259 3176 347 3247; x_wconf 85' lang='lat' dir='ltr'>peter</span> <span class='ocrx_word' id='word_1_244' title='bbox 370 3173 435 3232; x_wconf 91' lang='lat' dir='ltr'>eius</span> <span class='ocrx_word' id='word_1_245' title='bbox 455 3166 615 3251; x_wconf 73' lang='lat' dir='ltr'>‘agripeta’</span> <span class='ocrx_word' id='word_1_246' title='bbox 641 3165 674 3255; x_wconf 90' lang='lat' dir='ltr'>(i.</span> <span class='ocrx_word' id='word_1_247' title='bbox 691 3193 714 3232; x_wconf 94' lang='lat' dir='ltr'>e.</span> <span class='ocrx_word' id='word_1_248' title='bbox 732 3174 894 3253; x_wconf 82' lang='grc' dir='ltr'><strong><em>κληροῦχος</em></strong></span> <span class='ocrx_word' id='word_1_249' title='bbox 912 3177 1032 3236; x_wconf 82' lang='lat' dir='ltr'>servata</span> <span class='ocrx_word' id='word_1_250' title='bbox 1052 3169 1194 3258; x_wconf 79' lang='lat' dir='ltr'>civitate)</span> 
     </span>
     <span class='ocr_line' id='line_1_31' title="bbox 175 3268 1192 3402; baseline 0.007 -74"><span class='ocrx_word' id='word_1_251' title='bbox 175 3272 311 3402; x_wconf 36' lang='lat' dir='ltr'>venerata:</span> <span class='ocrx_word' id='word_1_252' title='bbox 340 3269 377 3330; x_wconf 88' lang='lat' dir='ltr'>ef.</span> <span class='ocrx_word' id='word_1_253' title='bbox 402 3268 461 3330; x_wconf 79' lang='lat' dir='ltr'>Cic.</span> <span class='ocrx_word' id='word_1_254' title='bbox 486 3271 522 3331; x_wconf 86' lang='lat' dir='ltr'>de</span> <span class='ocrx_word' id='word_1_255' title='bbox 545 3275 607 3330; x_wconf 87' lang='lat' dir='ltr'>net.</span> <span class='ocrx_word' id='word_1_256' title='bbox 631 3271 710 3332; x_wconf 89' lang='lat' dir='ltr'>deor.</span> <span class='ocrx_word' id='word_1_257' title='bbox 735 3272 751 3331; x_wconf 96' lang='lat' dir='ltr'>I</span> <span class='ocrx_word' id='word_1_258' title='bbox 775 3274 829 3350; x_wconf 85' lang='grc'>27,</span> <span class='ocrx_word' id='word_1_259' title='bbox 850 3274 905 3350; x_wconf 80' lang='lat'>723</span> <span class='ocrx_word' id='word_1_260' title='bbox 934 3271 1032 3332; x_wconf 82' lang='lat' dir='ltr'>Strub.</span> <span class='ocrx_word' id='word_1_261' title='bbox 1056 3273 1131 3334; x_wconf 89' lang='lat' dir='ltr'>XIV</span> <span class='ocrx_word' id='word_1_262' title='bbox 1153 3277 1192 3335; x_wconf 89' lang='lat'>18</span> 
     </span>
     <span class='ocr_line' id='line_1_32' title="bbox 171 3368 312 3442; baseline 0 -16"><span class='ocrx_word' id='word_1_263' title='bbox 171 3385 200 3442; x_wconf 81' lang='lat' dir='ltr'>p.</span> <span class='ocrx_word' id='word_1_264' title='bbox 221 3368 285 3426; x_wconf 82' lang='lat' dir='ltr'>ese</span> <span class='ocrx_word' id='word_1_265' title='bbox 307 3413 312 3426; x_wconf 94' lang='lat'>.</span> 
     </span>
    </p>
   </div>
   <div class='ocr_carea' id='block_1_12' title="bbox 240 3463 1194 3548">
    <p class='ocr_par' dir='ltr' id='par_1_12' title="bbox 240 3463 1194 3548">
     <span class='ocr_line' id='line_1_33' title="bbox 240 3463 1194 3548; baseline 0.01 -26"><span class='ocrx_word' id='word_1_266' title='bbox 240 3463 349 3524; x_wconf 80' lang='lat' dir='ltr'>Eidem</span> <span class='ocrx_word' id='word_1_267' title='bbox 371 3469 491 3541; x_wconf 85' lang='lat' dir='ltr'>patrem</span> <span class='ocrx_word' id='word_1_268' title='bbox 513 3468 579 3527; x_wconf 85' lang='lat' dir='ltr'>ludi</span> <span class='ocrx_word' id='word_1_269' title='bbox 601 3469 782 3547; x_wconf 81' lang='lat' dir='ltr'>magistrum</span> <span class='ocrx_word' id='word_1_270' title='bbox 804 3469 899 3529; x_wconf 88' lang='lat' dir='ltr'>fuisse</span> <span class='ocrx_word' id='word_1_271' title='bbox 919 3472 1085 3547; x_wconf 83' lang='lat' dir='ltr'>testantur,</span> <span class='ocrx_word' id='word_1_272' title='bbox 1111 3473 1194 3548; x_wconf 84' lang='lat' dir='ltr'>quod</span> 
     </span>
    </p>
   </div>
   <div class='ocr_carea' id='block_1_13' title="bbox 175 3549 1264 3647">
    <p class='ocr_par' dir='ltr' id='par_1_13' title="bbox 175 3549 1264 3647">
     <span class='ocr_line' id='line_1_34' title="bbox 175 3549 1264 3647; baseline 0.012 -30"><span class='ocrx_word' id='word_1_273' title='bbox 175 3559 212 3618; x_wconf 85' lang='lat' dir='ltr'>ed</span> <span class='ocrx_word' id='word_1_274' title='bbox 239 3560 407 3637; x_wconf 82' lang='lat' dir='ltr'>Epicurum</span> <span class='ocrx_word' id='word_1_275' title='bbox 435 3564 534 3639; x_wconf 84' lang='lat' dir='ltr'>ipsum</span> <span class='ocrx_word' id='word_1_276' title='bbox 560 3570 681 3642; x_wconf 85' lang='lat' dir='ltr'>praeter</span> <span class='ocrx_word' id='word_1_277' title='bbox 709 3567 865 3627; x_wconf 81' lang='lat' dir='ltr'>Timonem</span> <span class='ocrx_word' id='word_1_278' title='bbox 895 3568 978 3628; x_wconf 86' lang='lat' dir='ltr'>solus</span> <span class='ocrx_word' id='word_1_279' title='bbox 1006 3566 1194 3647; x_wconf 88' lang='lat' dir='ltr'>Hermippus</span> <span class='ocrx_word' id='word_1_280' title='bbox 1263 3549 1264 3592; x_wconf 41' lang='grc' dir='ltr'><strong><em>ί</em></strong></span> 
     </span>
    </p>
   </div>
   <div class='ocr_carea' id='block_1_14' title="bbox 0 0 1276 3996">
    <p class='ocr_par' dir='ltr' id='par_1_14' title="bbox 0 0 1276 3996">
     <span class='ocr_line' id='line_1_35' title="bbox 0 0 1276 3996; baseline 0 0"><span class='ocrx_word' id='word_1_281' title='bbox 0 0 1276 3996; x_wconf 95' lang='lat' dir='ltr'> </span> 
     </span>
    </p>
   </div>
  </div>
 </body>
</html>
