2542 3996
98 231 147 274 ra.
162 232 204 274 nx
485 241 526 250 —
575 205 638 270 183
685 241 727 250 -

98 391 179 452 quae
208 372 282 432 scite
311 374 382 431 sunt
410 371 582 449 excogitata
609 388 644 430 eo
671 370 864 447 potissimum
891 375 1026 449 tempore
1055 392 1114 450 quo

98 471 235 530 omnium
258 469 489 530 admirationem
511 467 590 526 illud
612 461 766 548 ττοὶναχρον
787 468 891 528 movit.

166 567 366 646 Philosophus
384 567 416 627 in
435 565 620 644 quotidianis
643 565 741 624 musei
762 566 909 626 conviviis
932 586 993 626 non
1014 568 1115 628 minus

97 685 193 744 quam
219 667 405 744 philologos,
428 665 465 724 de
489 662 600 741 quibus
627 665 734 722 notum
762 668 809 723 est
834 664 988 741 praeclare
1016 666 1114 744 egisse

98 761 260 824 Lehrsium
281 763 314 823 in
336 762 507 822 Aristarchi
528 760 577 820 sui
599 760 669 820 diss.
691 760 739 820 m
761 778 826 839 cap.
849 761 902 839 IV,
925 762 964 822 ad
993 762 1115 824 doctam

99 862 313 938 garrulitatem
335 879 367 922 se
386 859 549 921 accinxisse
572 861 604 918 et
626 859 662 919 de
682 858 911 936 quaestionibus
933 861 1114 937 praepositis

99 960 211 1022 acriter
227 960 308 1022 inter
325 977 357 1020 se
376 960 538 1019 alternatos
556 974 622 1018 esse
640 959 748 1034 sponte
766 959 860 1035 patet.
890 975 987 1034 neque
1006 956 1112 1017 dubito

100 1058 175 1135 quin
189 1056 290 1119 verbis
304 1053 453 1136 βιβλιακοὶ
466 1059 618 1135 χαρακῖται
632 1055 744 1115 eruditi
758 1049 907 1116 ‘doctores
920 1047 1111 1115 umbratiles'

99 1155 302 1233 castigentur,
330 1155 383 1232 qui
410 1155 557 1215 immensa
583 1151 731 1213 librorum
757 1153 845 1230 copie
873 1153 980 1230 stipati
1003 1184 1044 1193 -
1068 1152 1113 1210 in·

99 1251 208 1312 audita
223 1270 295 1313 vero
314 1251 496 1329 scriptorum
513 1251 712 1311 multitudine
734 1237 919 1311 bibliotheca
940 1250 1026 1328 regia
1045 1253 1113 1308 tum

99 1347 244 1409 inclaruit
274 1379 312 1392 —
341 1349 373 1409 in
405 1366 509 1408 museo
541 1346 752 1409 delitescentes
780 1349 877 1426 ipsius
910 1349 992 1410 vitae
1023 1365 1113 1407 usum

99 1464 224 1522 prorsus
242 1449 447 1524 aspernentur.
479 1446 606 1507 verbum
624 1447 725 1523 ipsum
742 1465 813 1507 vero
832 1447 990 1506 aTimone
1007 1445 1114 1505 fictum

100 1561 169 1602 cum
202 1543 484 1623 Schweighaeusero
516 1545 576 1605 vol.
603 1544 619 1603 I
645 1564 673 1620 p.
700 1544 763 1602 180
797 1545 829 1603 et
854 1543 1006 1602 Meinekio
1034 1543 1113 1601 anal.

100 1643 140 1701 ad
156 1641 267 1702 Athen.
290 1664 318 1720 p.
338 1645 388 1702 11-
402 1643 442 1701 ad
464 1636 555 1721 χάραξ
577 1640 782 1702 revocaverim
805 1632 839 1722 (a
861 1633 1010 1718 χαράττειν
1033 1643 1114 1698 certe

100 1739 272 1800 derivatum
291 1740 451 1818 quominus
465 1735 638 1817 ‘scriptores
651 1731 810 1797 librorum'
827 1736 996 1815 significare
1012 1753 1113 1796 sumas

100 1855 169 1896 cum
198 1836 389 1915 Casaubono,
420 1837 590 1915 impediunt
620 1838 703 1914 leges
735 1826 974 1916 grammaticae).
1020 1837 1112 1910 atque

100 1935 273 2010 putaverim
302 1940 339 1995 ut
365 1925 556 2016 χαρακίαι(1)
584 1933 749 1994 secundum
771 1931 957 2010 Hesychium
986 1933 1058 1990 sunt
1085 1928 1117 1990 el

100 2029 132 2090 ἕν
154 2037 216 2103 τοῖς
239 2024 344 2111 χάραξι
367 2031 577 2110 διατρίβοντες,
605 2031 647 2090 sic
674 2028 830 2108 χαρακλτας
857 2048 921 2088 esse
950 2029 1005 2105 qui
1027 2026 1113 2087 libris

98 2133 257 2207 tamquam
277 2131 358 2190 vallo
378 2129 589 2206 circumsaepti
607 2128 732 2205 degant:
755 2126 787 2184 id
806 2127 887 2202 quod
905 2127 1019 2203 optime
1038 2143 1113 2202 qua·

99 2226 176 2286 drat.
219 2227 273 2304 qui
295 2231 398 2286 tamen
420 2227 500 2286 inter
522 2224 741 2284 Alexandrinos
763 2222 960 2301 philosophos
980 2254 1021 2264 -
1041 2241 1113 2283 enu-

99 2326 197 2383 merat
215 2342 267 2384 eos
284 2326 355 2400 post
367 2323 542 2401 Matterum,
560 2323 633 2382 occia
651 2319 792 2398 d'Aleccp.
810 2324 945 2397 119sqq.
968 2320 1113 2396 Rohdius²

97 2421 204 2494 priora
221 2421 346 2480 Borean.
369 2441 397 2497 p.
419 2423 481 2481 208
506 2421 573 2480 adn.
588 2422 622 2497 4,
646 2418 756 2497 quibus
779 2437 848 2478 cum
872 2417 1054 2477 Schwartrio
1078 2435 1114 2476 ex

98 2517 239 2577 Aristeae
259 2518 390 2594 epistula
408 2540 437 2596 p.
453 2521 504 2596 48,
519 2520 562 2578 20
581 2519 736 2577 addendus
753 2515 946 2576 Menedemus
966 2507 1018 2598 (cf.
1036 2531 1113 2574 mus.

99 2614 193 2674 Rhen.
203 2613 257 2674 XL
266 2634 294 2690 p.
306 2617 370 2676 260
385 2616 453 2675 adn.
463 2608 497 2698 2)
512 2646 548 2656 -
565 2614 664 2674 Musei
678 2614 794 2674 sodales
808 2613 931 2692 fuerint,
944 2613 1111 2691 ignoratur.

167 2710 228 2770 Sed
255 2729 309 2770 cur
336 2716 427 2788 poeta
453 2711 487 2772 lv
510 2706 650 2792 Αἰχύτττῳ
674 2705 838 2792 πολυφύλῳ
867 2710 968 2772 dixit?
996 2711 1112 2788 opinor,

98 2809 182 2885 quod
213 2808 246 2866 in
277 2809 436 2870 nationum
468 2811 527 2872 istc
559 2807 760 2869 conciliabulo
789 2809 870 2886 quod
896 2809 950 2868 illo
976 2810 1113 2884 tempore

97 2905 301 2966 Alexandriae
333 2908 526 2984 potissimum
557 2906 630 2984 fuit,
663 2905 755 2965 etiam
784 2905 841 2965 hoc
867 2905 1055 2964 rarissimum
1082 2905 1114 2962 et

96 3003 153 3062 illa
186 3006 287 3064 aetate
301 2999 304 3004 “
318 3023 414 3081 paene
448 3006 683 3065 intermortuum
713 3001 871 3061 hominum
902 3018 998 3080 genus
1030 2999 1115 3060 nasci

96 3101 146 3161 vel
170 3099 294 3161 aliunde
316 3102 515 3179 importatum
538 3101 621 3178 pasci
643 3098 813 3177 significare
835 3099 943 3161 voluit.

165 3194 308 3256 Ceterum
337 3215 415 3275 quae
439 3198 476 3258 de
498 3199 545 3258 his
568 3197 706 3259 versibus
729 3200 850 3256 enarrat
873 3195 1019 3273 Sharpius
1042 3195 1112 3255 hist.

97 3292 230 3372 Aegypt.
253 3294 269 3352 Ι
290 3315 319 3371 p.
345 3297 408 3356 209
433 3294 478 3354 ed.
503 3294 600 3356 Germ.
624 3294 773 3373 perdigna
800 3298 883 3373 sunt,
912 3313 990 3371 quae
1018 3292 1112 3352 animi

96 3409 190 3450 causa
212 3391 368 3470 legantur3
391 3393 548 3470 superavit
569 3393 622 3452 ille
645 3393 695 3453 vel
716 3392 846 3452 ridicula
863 3391 1006 3452 Schoellii
1032 3410 1112 3451 com·

96 3491 201 3548 menta
224 3481 310 3568 (hist.
332 3491 393 3549 litt.
417 3489 467 3550 Gr.
490 3489 523 3548 H
544 3509 572 3565 p.
596 3493 637 3548 41
663 3489 707 3550 ed.
726 3482 836 3570 Pina).
