2544 3998
562 204 782 269 „30-

161 371 347 447 compositae
367 373 439 429 sunt
456 369 589 446 pedestri
607 386 757 445 sermone,
782 367 874 428 variis
898 368 1091 444 propriorum
1115 387 1186 428 ver-

161 487 251 528 suum
274 467 434 547 generibus
457 469 642 544 temperato;
671 467 749 525 solet
772 465 878 526 deinde
903 465 1070 525 orationem
1094 483 1187 525 suam

163 565 349 643 distinguere
373 565 503 625 aliorum
521 583 590 624 cum
609 563 792 640 scriptorum
809 567 877 623 tum
894 567 1054 640 poetarum
1072 563 1186 623 floscu-

161 663 213 740 lis,
242 663 386 723 admiscet
414 663 512 722 multa
535 681 572 722 ex
594 661 702 720 intime
728 659 922 737 philosophia
949 661 994 720 ita
1021 664 1124 720 tamen
1147 665 1188 722 ut

162 761 289 821 irrideat
315 761 511 838 philosophos
544 758 744 837 dogmaticos,
778 759 859 836 quod
890 759 1007 819 factum
1034 763 1081 818 est
1109 778 1187 836 pree

162 859 270 919 ceteris
293 859 325 919 in
349 862 496 936 quattuor
523 856 608 916 libris
637 855 748 934 quibus
776 856 931 934 inscripsit
953 854 1115 916 Armorum
1137 859 1187 917 iu-

163 958 280 1034 dicium,
296 955 482 1036 Λσγομωχίω,
493 952 570 1033 Περὶ
584 950 734 1032 αἱρέσεων,
752 947 843 1033 Ταφὴ
857 953 1036 1015 Msvlrmoo:
1051 954 1187 1032 denique

164 1054 229 1114 eius
252 1058 373 1114 satureo
397 1053 429 1112 in
451 1052 575 1114 subulae
604 1053 735 1130 speciem
758 1057 831 1114 sunt
852 1054 993 1113 redactae
1016 1057 1048 1112 et
1070 1053 1187 1115 festiva

165 1152 297 1228 quadam
319 1151 475 1210 hilaritate
499 1168 684 1228 conspersae.
726 1151 801 1210 heec
825 1151 921 1229 igitur
939 1150 1041 1211 omnia
1059 1150 1098 1210 nd
1117 1151 1186 1211 Me-

163 1249 250 1326 nippi
281 1249 378 1325 ipsius
413 1249 527 1325 scripta
552 1267 641 1325 posse
669 1251 751 1308 certo
779 1249 938 1309 transferri
966 1248 1095 1308 dicerem
1125 1250 1187 1309 etsi

166 1346 272 1406 ceteris
296 1345 434 1405 omnibus
458 1345 599 1406 destituti
621 1363 754 1406 essemus
777 1346 968 1424 testimoniis,
993 1345 1044 1406 sed
1070 1345 1186 1406 adsunt

165 1444 300 1504 omnium
323 1443 570 1520 locupletissima.

229 1541 365 1602 Primum
384 1541 481 1620 igitur
498 1540 615 1601 Probus
634 1541 666 1601 in
684 1540 814 1618 Vergilii
832 1542 886 1601 ecl.
905 1539 949 1599 VI
967 1562 994 1601 v.
1015 1543 1066 1617 31,
1088 1560 1118 1618 p.
1141 1545 1185 1602 14

163 1637 250 1716 Keil,
283 1639 333 1700 cni
361 1639 443 1717 quod
465 1639 555 1700 fidem
578 1639 706 1715 deneges
729 1657 853 1715 prorsus
876 1657 936 1698 non
960 1643 1019 1716 est,
1042 1639 1115 1698 hsce
1146 1639 1185 1698 dc

164 1736 305 1816 Menippo
329 1737 415 1797 dicit:
439 1731 480 1796 ‘is
505 1755 625 1814 quoque
649 1736 809 1814 omnigeno
833 1736 965 1796 carmine
982 1736 1092 1796 satiras
1111 1753 1185 1796 suas

164 1829 362 1911 expoliverat'
381 1835 401 1894 i.
419 1853 444 1894 e.
463 1834 582 1894 libellos
602 1852 672 1893 snos
691 1834 824 1910 pedestri
842 1853 978 1894 sermone
997 1834 1184 1910 conscriptos

163 1931 343 1992 distinxerat
365 1931 548 1991 carminibus
571 1931 649 1992 varii
672 1931 798 2009 generis.
835 1931 915 1991 idem
935 1931 1107 2008 fragments
1131 1930 1184 1992 do·

163 2032 240 2106 cent,
260 2047 389 2106 quorum
407 2048 502 2088 unum
520 2047 557 2088 ex
571 2022 747 2112 Ἀρκεσιλάῳ
767 2030 898 2106 petitum
920 2021 1017 2109 (quod
1035 2033 1083 2089 est
1102 2029 1185 2107 apud

163 2125 356 2186 Athenaeum
377 2126 449 2186 XIV
472 2147 500 2204 p.
527 2128 604 2186 664Θ
631 2120 720 2198 πότος
746 2115 787 2203 ἦν
814 2119 1065 2204 ἐπικωμασάντων
1092 2129 1184 2186 τινῶν

162 2216 235 2304 κτλ.)
254 2243 344 2302 prosa
358 2225 495 2285 oratione
510 2229 557 2285 est
570 2225 782 2302 conscriptum,
797 2225 928 2285 alterum
943 2216 1040 2304 (apud
1054 2223 1184 2285 eundem

164 2321 179 2380 Ι
193 2342 222 2398 p.
239 2324 294 2382 32ο
307 2315 467 2400 tepentes
481 2315 625 2404 Μύνδος)
640 2323 790 2398 poeticam
803 2341 875 2400 pree
891 2341 922 2382 se
937 2323 997 2382 fert
1011 2315 1183 2402 speciem1).

164 2422 232 2478 tum
250 2418 427 2480 Homericos
441 2419 683 2498 Euripideosqne
701 2438 805 2481 versus
829 2421 878 2481 vel
899 2419 1078 2497 simpliciter
1095 2438 1184 2480 usur·

164 2518 252 2592 patos
275 2517 324 2577 vel
348 2517 603 2596 sillographorum
620 2518 709 2577 modo
729 2518 761 2576 in
779 2517 943 2578 ridiculum
962 2517 1096 2578 detortos
1118 2535 1183 2578 esse

163 2613 195 2670 in
224 2612 289 2672 eius
317 2613 437 2690 scriptis
467 2613 599 2675 efficitur
626 2633 662 2674 ex
690 2634 726 2675 ee
748 2606 912 2695 ratione²)‚
944 2633 1005 2692 qua
1027 2614 1182 2676 Lucienus

163 2851 286 2909 Sotirea'
306 2851 337 2908 in
356 2872 425 2909 mus.
445 2856 534 2911 Rhen.
552 2854 618 2909 XIV
636 2873 663 2924 p.
679 2861 731 2910 421
747 2873 807 2925 sqq.
823 2859 852 2911 et
865 2856 1000 2910 Varronis
1018 2853 1182 2927 Menippea·

165 2949 228 2988 rum
254 2933 389 3003 reliquias
418 2934 545 2990 adiectas
567 2934 657 3004 ipsius
680 2934 797 2991 editioni
820 2935 946 2992 Petronii
969 2952 1041 3004 quae
1065 2935 1182 2990 tertium

164 3013 272 3082 prodiit
288 3029 313 3069 a.
335 3018 403 3070 1882
422 3031 449 3085 p.
471 3021 519 3070 161
535 3031 595 3083 sqq.

233 3105 258 3172 1)
278 3103 356 3158 Idem
383 3103 449 3158 ante
473 3119 518 3158 me
537 3106 684 3159 monuerat
702 3103 842 3159 Prellerns
861 3104 953 3160 annal.
969 3103 1023 3158 litt
1039 3103 1096 3161 len.
1114 3108 1181 3160 184⁷

163 3200 191 3251 p.
211 3189 270 3238 611.

236 3275 263 3340 2)
282 3271 314 3326 Id
333 3271 478 3328 verissime
497 3273 555 3327 iam
574 3271 779 3328 contenderunt
798 3270 988 3341 casaubonus,
1009 3277 1095 3344 sotejr.
1108 3287 1181 3342 poce.
1262 3301 1263 3332 ;

164 3367 191 3420 p.
202 3351 468 3409 206.etWelclrerus
481 3353 570 3423 praef.
581 3353 707 3424 Theogn.
716 3372 744 3424 p.
757 3351 846 3408 xcffl
861 3353 924 3408 adn.
938 3358 1001 3419 1413
1017 3352 1093 3421 quod
1107 3353 1183 3408 enim
1262 3351 1263 3390 l

164 3429 289 3487 oblocuti
304 3432 369 3486 snut
381 3430 482 3501 Leyius
495 3439 547 3502 p.8
563 3437 592 3489 et
602 3431 739 3490 Oehlerns
752 3452 780 3504 p.
791 3438 827 3487 34
835 3451 885 3502 sq,
901 3432 1073 3487 contrarium
1088 3432 1183 3502 potins

164 3507 230 3565 inde
253 3510 326 3566 effici
350 3511 425 3580 quod
443 3513 590 3584 Menippus
615 3513 646 3568 in
668 3512 867 3584 necyomantia
889 3512 971 3580 quasi
993 3515 1110 3567 excuset
1127 3511 1183 3567 fre-

167 3592 299 3657 quentem
326 3589 539 3647 Homerioornm
569 3594 599 3648 et
625 3593 840 3663 Euripideorum
866 3609 963 3663 usum,
991 3590 1064 3648 nihil
1092 3591 1183 3659 veleb
