2548 4004
495 184 715 249 ,49-

159 346 269 406 Restat
305 350 342 406 ut
379 346 477 406 dioam
513 348 549 408 de
586 350 741 410 nonnullis
777 352 915 429 reliquiis
948 373 1025 431 quae
1059 359 1113 416 eut

91 443 197 503 nullo
220 444 300 504 iure
323 448 378 504 aut
401 444 509 505 dubio
535 445 668 506 Timonis
692 448 769 507 sillis
794 450 959 511 attributae
984 457 1063 516 sunt.

159 540 299 600 Primm
317 561 387 600 eum
406 543 625 620 sillographum
640 545 693 621 qui
707 551 959 608 commemoretur
972 569 990 609 e
1004 550 1112 612 Tzetua

91 629 143 718 (fr.
168 631 283 721 LXVI)
312 638 469 699 Timonem
496 640 590 700 fuisse
619 642 699 702 erodi
727 661 798 703 sene
825 649 940 725 potest,
973 651 1112 725 quemvis

91 740 227 813 nequent
250 737 286 797 de
307 737 535 798 unovooabnlo
555 738 721 816 quidquam
740 741 885 802 affirmari
904 743 1111 808 confidentius.

159 833 278 894 Deinde
307 852 344 893 es
366 835 458 895 verbe
482 854 560 913 quoe
583 840 739 914 tamquam
763 839 907 900 Timoneu
929 841 1111 904 Eustothius

91 930 182 992 affert
206 923 257 1012 (fr.
276 925 404 1014 LXVII)
429 932 605 994 dubitanter
623 934 704 1012 olim,
727 955 806 996 nune
825 940 908 998 certe
926 938 1110 1000 demonstre-

91 1029 175 1089 tione
200 1030 288 1090 nixus
312 1030 350 1089 nb
373 1030 429 1091 hoe
451 1035 542 1109 poete
566 1030 738 1094 ebiudioovi
761 1026 803 1115 (v.
827 1029 956 1116 comm).

158 1126 299 1204 Denique
332 1127 407 1188 duos
439 1146 545 1188 versus
576 1148 612 1188 ex
638 1128 770 1192 Homero
798 1133 939 1209 perodioe
967 1135 1110 1213 detortos,

90 1223 204 1300 quibus
226 1225 400 1302 philosophi
427 1225 592 1288 irridentur
614 1229 747 1290 suetonis
770 1230 891 1290 nomine
914 1249 973 1292 non
997 1233 1109 1311 addito,

90 1320 244 1382 'lh'moueis
274 1322 349 1382 olim
376 1323 434 1382 etsi
462 1325 691 1386 ounotubundus
719 1327 834 1388 subieci
862 1318 913 1410 (fr.
939 1330 979 1389 68
1008 1332 1039 1389 et
1068 1333 1107 1391 69

88 1411 235 1500 proeod.).
282 1439 412 1497 quorum
436 1422 520 1498 prior
542 1424 657 1501 legitur
679 1424 711 1483 in
733 1424 834 1501 Etym.
858 1425 958 1503 Magn.
981 1446 1010 1502 p.
1037 1428 1109 1504 722,

90 1519 132 1576 18
156 1537 185 1578 v.
210 1510 365 1595 σοφιστής·
394 1513 500 1597 ἐλέχθη
528 1512 545 1580 ὁ
574 1514 826 1599 ἐθελοφιλόσοφος
854 1512 1008 1600 σοφιστής,
1037 1514 1053 1583 ὃ
1077 1519 1109 1583 δὲ

87 1615 129 1698 τῷ
151 1607 217 1674 ὄντι
240 1608 349 1691 σοφός·
372 1608 447 1676 ὅθεν
469 1611 628 1690 ἐπεπόλαζε
649 1614 756 1698 λέγειν·
781 1621 952 1695 φιλοσοφεῖ,

135 1704 223 1790 ’ὄφρ’
245 1701 279 1772 εὖ
301 1705 449 1793 γινώσκῃς
466 1707 545 1792 ἠμὲν
563 1709 661 1793 σοφὸν
684 1707 741 1796 (sie
756 1715 926 1775 Meinekins
944 1734 999 1792 pro
1018 1709 1108 1797 θεὸν)

678 1806 732 1892 ἠδὲ
758 1806 923 1890 σοφιστήν]

87 1913 172 1968 reete
203 1907 325 1984 quidem
353 1908 414 1968 dixi
438 1909 573 1970 Timonis
602 1909 678 1970 sillis
705 1927 793 1986 posse
820 1911 900 1970 huno
924 1931 1046 1974 versum
1069 1913 1108 1976 ad

88 2006 263 2082 exemplum
286 2005 440 2066 Homerici
458 2009 488 2065 Ε
508 2008 571 2066 128
596 1999 682 2088 (ὄφρ’
709 1995 742 2067 εὖ
765 2001 912 2090 γινώσκῃς
934 2003 1011 2089 ἠμὲν
1032 2005 1108 2073 θεὸν

87 2095 143 2181 ἠδὲ
165 2099 218 2162 ml
240 2096 352 2185 ἄνδρα)
380 2105 497 2164 fectum
523 2103 757 2181 probabilius
790 2104 885 2165 tribui
917 2126 1008 2184 quem
1039 2127 1109 2170 oum

87 2201 222 2278 Bergkio
247 2199 365 2261 Crateti
392 2202 511 2280 cynico:
539 2220 608 2261 nem
636 2202 737 2278 ipsum
763 2202 841 2261 illud
863 2203 943 2263 inter
966 2198 1107 2281 σοφιστάς

87 2304 119 2358 et
143 2292 242 2376 σοφόν
264 2299 426 2360 discrimen
450 2319 541 2378 quum
564 2299 692 2359 maxime
717 2299 841 2360 effertur
859 2317 877 2360 a
896 2300 1033 2381 Timone,
1057 2303 1107 2362 oni

87 2397 197 2457 uniens
216 2392 311 2474 σοφός
329 2397 475 2475 Pyrrhon‚
497 2398 549 2458 elii
567 2397 740 2474 philosophi
759 2415 862 2458 omnes
882 2399 1029 2476 σοφισταῖς
1053 2400 1107 2461 sed

88 2495 144 2554 hoo
162 2498 362 2572 praeceptum
385 2495 524 2556 emultis
548 2494 742 2555 deoontetum
764 2515 802 2555 ne
826 2515 863 2555 ex
885 2497 1015 2556 termine
1040 2498 1106 2576 qui·

86 2591 157 2652 dem
179 2593 313 2677 petitum
335 2592 469 2670 videtum
493 2593 631 2652 sillorum
650 2596 731 2653 certe
749 2593 868 2653 nullum
886 2593 1032 2655 indicium
1052 2600 1105 2656 ost.

87 2689 181 2749 etium
196 2690 297 2750 minus
310 2689 398 2750 licuit
411 2708 533 2751 versum
542 2690 737 2750 Homericum
752 2681 875 2772 (2195)
890 2691 926 2752 de
937 2689 1104 2770 Chrysippo

85 2785 204 2848 dietum
222 2778 321 2867 (opud
340 2787 439 2848 Laert.
458 2788 546 2866 Diog.
561 2787 621 2846 VH
637 2789 699 2849 183
724 2780 798 2847 ὅθεν
817 2785 927 2863 φασὶν
945 2781 990 2848 ἐπ’
1012 2782 1105 2850 αὐτοῦ

85 2886 245 2964 λεχθῆναι·
274 2877 354 2957 εοἶος
381 2881 539 2961 πέπνυται,
567 2881 611 2946 rot
634 2880 667 2944 δὲ
690 2881 769 2972 σκιαὶ
791 2877 958 2966 αἰΐσσουσι’)
985 2886 1104 2946 Timoni

86 2982 266 3042 emcribere.
313 3001 532 3061 usquequaque
555 2999 627 3043 vero
650 2981 814 3042 tenendum
837 2986 891 3060 est,
914 2982 945 3040 in
969 2982 1104 3042 omnium

86 3078 272 3140 Graecorum
300 3099 352 3140 ore
374 3081 534 3141 Homerios
562 3097 678 3157 semper
705 3079 811 3157 fluisse,
839 3079 883 3140 ite
910 3081 946 3138 ut
972 3079 1104 3140 feoilee

85 3178 196 3254 quovis
221 3179 363 3255 usurpari
387 3177 542 3240 deflentive
564 3178 729 3254 potuerint.

152 3275 261 3352 Neque
280 3277 377 3354 magis
398 3276 478 3337 inter
496 3276 641 3334 'limones
658 3273 953 3334 commemorandum
977 3274 1049 3334 duxi
1072 3275 1104 3336 id

85 3372 169 3450 quod
193 3391 212 3431 n
233 3373 342 3434 Paulio
365 3373 401 3433 fr,
426 3375 467 3434 55
492 3366 526 3455 (a
548 3372 712 3433 Mulleehio
736 3392 763 3432 v.
790 3363 868 3452 133)
894 3372 1028 3448 positum
1056 3374 1102 3431 est

83 3487 132 3546 ep.
146 3469 260 3530 Athon.
274 3471 333 3531 XII
346 3492 375 3548 p.
389 3470 478 3532 6180
497 3463 697 3550 ἐπιχωριάζειν
714 3461 784 3546 παρ’
806 3460 906 3541 αὐτοῖς
920 3461 1100 3550 (Sybaritis)

84 3561 136 3628 διὰ
158 3561 215 3647 τὴν
239 3563 357 3648 τρυφὴν
378 3562 578 3648 ἀνθρωπάρια
600 3561 689 3647 μιαρὰ
711 3559 780 3639 τοὺς
803 3556 867 3645 (καὶ
891 3564 1001 3638 ἵππους
1024 3566 1099 3625 coni.

139 3677 249 3726 commo.
263 3678 295 3725 11.
502 3707 507 3718 .
868 3668 886 3716 4
