2548 4004
552 183 826 263 -56-’

224 357 259 447 1)
284 363 392 424 Strabo
412 363 484 422 XIV
505 366 533 442 1,
553 364 593 422 28
617 383 646 439 p.
667 364 730 422 643
756 360 884 421 Casaub.
907 353 1015 438 ἄνδρες
1038 355 1178 438 ἐγένοντο

159 456 353 540 Κολοφώνιοι
370 463 430 521 τῶν
453 454 722 540 μνημονευομένων
745 502 778 519 ..
799 505 805 519 .
825 502 832 518 .
851 451 1028 535 Ξενοφάνης
1052 449 1178 534 ὁφυσι·

158 554 220 637 πός,
248 553 265 620 ὁ
292 551 361 632 τοὺς
390 557 506 630 σίλλους
532 550 660 636 ποιήσας
688 548 738 614 διὰ
760 547 942 634 ποιημάτων.
987 555 1061 614 haec
1083 554 1181 615 verba

156 663 221 719 tam
250 657 412 718 manifesta
439 659 511 716 sunt
538 659 575 714 ut
596 654 673 713 nih'il
695 654 794 730 possit
816 670 916 729 supra.
962 652 1057 712 nihilo
1081 653 1180 712 setius

157 757 284 816 Paulius
307 776 336 832 p.
354 758 394 815 18
418 753 489 813 inde
512 756 725 830 argumentum
747 750 838 827 petiit
862 768 922 826 quo
945 749 1033 808 nixus
1051 750 1141 810 sillos
1162 769 1183 808 a

158 854 341 931 Xenophane
365 852 493 928 scriptos
517 868 580 910 esse
598 851 733 927 negaret,
756 848 987 924 interpretatus:
1003 839 1073 923 ‘qui
1091 847 1182 906 sillos

157 952 231 1012 fecit
260 970 314 1027 per
342 948 550 1010 collectionem
578 947 745 1006 carminum
772 937 914 1022 sparsos’.
966 962 1057 1021 quam
1084 944 1182 1004 inter·

157 1048 360 1126 pretationem
378 1047 426 1107 vel
442 1064 508 1105 eam
523 1045 560 1105 ob
575 1062 698 1104 causam
711 1043 878 1103 rectissime
892 1041 997 1101 reiecit
1010 1041 1183 1101 Welandus

157 1168 186 1224 p.
203 1148 253 1223 20,
278 1144 330 1221 qui
354 1143 474 1202 omnino
493 1141 727 1220 prudentissime
746 1141 782 1200 de
801 1142 857 1201 hac
876 1140 1054 1218 quaestione
1073 1140 1181 1217 dispu-

158 1241 246 1320 tavit,
270 1239 352 1319 quod
370 1241 396 1299 si
414 1240 488 1300 haec
507 1240 654 1301 voluisset
673 1238 782 1299 Strabo
801 1238 908 1316 dicere,
930 1255 1051 1297 necesse
1069 1237 1184 1296 fuisset

162 1339 200 1399 ad
227 1338 410 1400 vocabulum
437 1330 611 1415 ποιημάτων
634 1337 799 1397 articulum
821 1337 892 1396 addi
900 1328 933 1416 ¹).
979 1340 1052 1396 sunt
1075 1337 1184 1394 autem

159 1436 253 1497 verba
280 1454 349 1496 cum
372 1435 476 1494 codem
499 1433 678 1512 simpliciter
700 1433 889 1510 explicanda:
909 1425 975 1510 ‘qui
997 1433 1071 1492 fecit
1094 1432 1184 1492 sillos

159 1533 297 1596 versibus
325 1525 479 1592 inclusos'.
521 1551 591 1591 nam
615 1524 664 1591 διά
687 1524 861 1609 ποιημάτων
882 1530 963 1590 idem
985 1531 1068 1591 valet
1086 1534 1185 1608 atque

162 1628 195 1691 ἕν
218 1628 318 1690 ἔπεσιν
340 1631 359 1690 i.
376 1651 399 1690 e.
419 1623 485 1707 ‘per
507 1621 668 1710 vorsus’²)‚
691 1628 836 1688 modone
860 1646 929 1687 cum
948 1627 1097 1687 Welando
1116 1628 1137 1687 1.
1159 1646 1184 1687 e.

161 1731 296 1808 statuas,
324 1730 389 1788 sola
415 1728 548 1790 carmina
570 1727 752 1786 hexametris
775 1726 903 1786 heroicis
926 1725 1097 1802 conscripta
1119 1724 1185 1800 dici

160 1820 325 1903 ποιηματαε
347 1826 380 1884 in
403 1825 659 1901 comparationem
681 1823 779 1900 igitur
796 1823 965 1884 vocandum
984 1826 1031 1882 est
1049 1822 1131 1901 quod
1152 1823 1185 1882 in

163 1923 256 1982 simili
279 1923 391 1982 notitia
414 1922 491 1981 dixit
514 1920 623 1981 Strabo
646 1921 718 1980 XIV
738 1924 767 1999 5,
787 1923 805 1981 8
830 1941 858 1997 p.
880 1915 1083 1997 671Ἅραιος
1106 1911 1124 1978 ὃ
1148 1913 1186 1978 τὰ

164 2013 332 2096 φαινόμενα
365 2012 539 2100 συγγράψας
570 2015 603 2078 ἒν
635 2016 742 2079 ἔπεσιν.
793 2017 875 2096 quod
904 2017 931 2077 si
958 2016 1026 2094 quis
1054 2022 1187 2094 quaerat

162 2134 216 2176 cur
240 2109 289 2176 διά
312 2111 485 2196 ποιημάτων
508 2116 678 2176 addendum
697 2116 848 2176 censuerit
867 2115 975 2175 Strabo
996 2131 1186 2191 quamquam

162 2213 253 2275 σλλλοι
275 2232 330 2292 per
348 2233 379 2274 se
403 2218 519 2275 certum
539 2232 664 2291 poeseos
683 2231 778 2292 genus
797 2212 977 2290 describant,
999 2211 1185 2289 responden-

163 2313 235 2374 dum
261 2317 319 2393 est,
347 2315 379 2373 in
401 2315 468 2391 ipso
490 2314 640 2374 vocabulo
664 2313 763 2372 solum
786 2310 934 2370 irrisionis
956 2311 1060 2369 notam
1084 2310 1186 2387 inesse

166 2403 207 2492 (v.
233 2429 325 2487 supra
347 2432 376 2487 p.
396 2404 446 2492 5),
471 2411 575 2487 itaque
598 2411 767 2487 poeticos
791 2408 875 2468 sillos
899 2407 1071 2467 accuratius
1094 2407 1188 2466 illum

162 2507 334 2584 significare
357 2509 498 2568 voluisse.
562 2525 567 2534 ·

235 2597 277 2684 2)·
293 2603 393 2663 Laert.
417 2603 506 2682 Diog.
530 2604 574 2663 IX
599 2606 638 2664 18
672 2599 800 2684 γέγραφε
832 2598 865 2664 δὲ
898 2594 1066 2680 [aal'quod
1089 2604 1187 2680 vulgo

162 2737 379 2750 ——-—-

237 2791 265 2859 1)
283 2789 361 2844 Idem
389 2788 467 2845 cadit
492 2789 523 2844 in
545 2790 780 2860 Bernhardyium,
809 2790 857 2860 qui
879 2790 941 2846 hist.
966 2789 1019 2846 aa.
1040 2787 1090 2844 Gr.
1108 2789 1136 2843 11
1155 2777 1188 2844 2⁵

165 2886 194 2939 p.
224 2873 276 2924 548
305 2867 430 2938 scripsit:
460 2864 519 2924 ‘die
546 2870 645 2926 Worte
673 2869 786 2926 meinen
814 2869 900 2926 allein
926 2870 991 2925 den
1019 2867 1189 2924 scharfen

165 2948 265 3005 Geist
291 2948 352 3004 der
373 2948 506 3019 Kritik‚
532 2950 655 3006 welcher
681 2949 732 3005 die.
755 2948 892 3005 Gedichtc
920 2949 970 3004 des
993 2947 1189 3019 Philosophen

164 3024 367 3086 bezeichncte.’
414 3030 490 3098 quod
516 3029 541 3084 si
567 3028 660 3085 voluit
687 3027 801 3098 Strabo,
829 3029 928 3084 debuit
955 3028 1048 3084 dicere
1077 3028 1189 3092 σίλλους

165 3108 288 3178 ποιήσας
307 3105 356 3165 ded
375 3109 432 3164 τῶν
450 3105 629 3180 conopaeum
648 3108 758 3165 accedit
776 3109 852 3178 quod
869 3109 929 3165 tale
943 3106 1084 3164 scribendi
1097 3123 1189 3178 genus

165 3203 280 3257 prorsus
296 3189 430 3245 abhorret
444 3204 462 3243 a
475 3191 578 3245 natura
590 3188 832 3246 breviuscularum
845 3187 1044 3244 memoriarum
1058 3186 1096 3241 ad
1109 3187 1188 3242 litte·

167 3282 262 3322 ramm
273 3269 432 3338 artiumque
442 3269 589 3326 historiam
599 3269 797 3341 spectantium,
808 3285 879 3338 quas
890 3267 1065 3338 singularum
1075 3266 1188 3322 urbium

166 3345 349 3417 descriptioni
368 3348 493 3405 subicere
508 3349 581 3404 solet
594 3349 702 3405 Strabo.

238 3427 266 3494 2)
295 3425 336 3482 cf.
356 3429 470 3496 praeter
497 3428 569 3484 alios
588 3430 683 3486 Laert.
702 3428 785 3501 Diog.
805 3429 845 3483 IX
864 3434 898 3485 22
926 3427 976 3483 καλ
999 3421 1086 3489 αὐτὸς
1111 3426 1189 3495 (Par-

166 3504 304 3575 menides)
335 3503 367 3561 et
396 3505 444 3563 διὰ
473 3505 639 3580 ποιημάτων
663 3513 819 3578 φιλοσοφεῖ
841 3504 976 3577 καθάπερ
1000 3503 1130 3570 Ἡσίοδός
1157 3524 1188 3561 τε

165 3587 216 3642 aci
234 3583 408 3656 Ξενοφάνης
425 3587 475 3642 καλ
490 3584 689 3660 Ἐμπεδοκλῆς.
1183 3603 1189 3612 ·
