2542 3996
546 232 588 242 ,..
638 195 701 261 184
747 231 788 240 -
1050 214 1192 258 rimosis

632 377 701 436 cxi

204 497 262 558 καί
283 518 334 571 τις
354 489 553 574 Ἀρίστωνος
574 490 696 579 γενεὴν
719 489 783 559 ἄπο
808 490 954 578 αἱμύλου
978 494 1084 560 ἕλκων

227 677 313 719 ruer.
344 660 518 721 Laertius
542 659 644 738 Diog.
667 658 728 718 VH
753 662 814 719 161
845 653 922 720 οὕτω
946 655 979 720 δὲ
1002 663 1195 738 φιλοσοφῶν

162 749 315 839 (Ἀρίστων
338 749 354 818 ὅ
373 759 464 834 Χῖος,
484 757 611 817 Zenonis
631 757 719 816 stoici
738 749 922 838 discipulus)
945 754 995 817 not
1013 754 1046 818 ἐν
1064 759 1193 818 Κυνοσ-

162 847 246 934 άργει
269 848 476 935 διαλεγόμενος
503 853 621 933 ἴσχυσεν
643 846 804 931 αἱρετιστὴς
827 846 961 914 ιἰκοῦσαι.
1007 848 1190 930 Μιλτιάδης
1258 929 1259 934 ¹

161 941 217 1014 οὖν
248 950 298 1012 καὶ
325 952 452 1030 Δίφιλος
475 945 672 1030 Ἀριστώνειοι
703 945 965 1031 προσηγορεύοντο.
1006 935 1048 1029 ἦν
1075 948 1113 1011 δέ
1140 971 1190 1022 τις
1258 987 1259 992 κ

160 1043 306 1122 πειστικὸς
328 1048 378 1110 καὶ
401 1045 477 1131 ὄχλῳ
500 1046 706 1128 πεποιημένος.
750 1042 825 1110 ὅθεν
848 1041 864 1110 ὅ
891 1049 992 1128 Τίμων
1014 1046 1089 1128 φησὶ
1110 1044 1190 1127 περὶ

159 1141 264 1209 αὐτοῦ·
289 1145 360 1206 «καὶ
382 1179 419 1188 -
440 1143 564 1207 ἕλκων».

228 1259 333 1333 γενεὴν
356 1261 486 1317 Meineke
509 1277 560 1331 per
584 1261 708 1317 litterae:
736 1259 839 1332 γέννης
864 1263 929 1318 libri
952 1263 1027 1331 quod
1052 1261 1188 1317 defendit

160 1350 325 1406 Schacierus
339 1351 370 1406 in
384 1350 525 1406 Hnebner.
541 1349 608 1406 edit.
624 1352 772 1406 comment
787 1350 868 1420 Diog.
883 1350 939 1405 vol.
950 1349 978 1402 II
991 1369 1018 1420 p.
1032 1353 1081 1406 128
1096 1350 1186 1405 adhi-
1259 1413 1260 1428 γ

161 1439 223 1495 bita
241 1439 334 1509 ellipsi
352 1441 412 1496 ains
431 1438 542 1510 generis
561 1439 654 1508 quode
670 1440 732 1510 ipse
747 1439 819 1494 dixit
837 1439 874 1493 nd
893 1439 970 1494 Bosii
988 1439 1079 1510 ellipe.
1094 1457 1121 1510 p.
1136 1445 1185 1506 76,

161 1524 245 1598 γένης
258 1528 302 1594 Ης
320 1527 425 1599 γέννην
442 1528 545 1585 Corace
563 1524 673 1582 ἅπαντα
687 1529 727 1582 ΠΙ
740 1548 767 1599 p.
784 1535 834 1584 183
851 1530 856 1598 Ι
872 1524 930 1582 ἀπὸ
948 1525 1185 1598 BP¹1nipaiiov

159 1633 256 1673 omues
275 1617 425 1672 editionem
450 1613 570 1686 αϊμόιον
592 1616 649 1688 GQ
667 1620 697 1672 et
715 1618 849 1687 Stephon.
868 1633 945 1686 poes.
963 1617 1065 1687 philos.
1085 1635 1113 1687 p.
1136 1625 1184 1685 68,

158 1701 277 1775 αἱμύλον
288 1708 369 1776 (corr.
380 1722 414 1762 ex
425 1701 591 1775 epotetur,
607 1704 727 1776 αἱμύλον
734 1706 769 1760 H
773 1723 853 1776 mrg.,
869 1700 973 1776 ἔμολον
979 1706 1017 1775 Β,
1032 1701 1187 1776 ὁμύὶηνΗ

175 1897 180 1904 -
226 1874 322 1915 cousi.
348 1854 457 1916 Omnia
474 1856 537 1915 fere
557 1856 595 1915 ed
613 1857 895 1933 interpretationem
918 1855 1088 1915 necessaria
1107 1874 1183 1934 sup·

158 1952 279 2031 peditat
301 1954 385 2012 locus
404 1951 520 2012 Laertii
538 1971 630 2031 supra
648 1954 830 2030 descriptus:
854 1952 932 2012 addo
955 1957 1059 2013 tamen
1082 1955 1183 2015 homi·
1260 2031 1261 2036 η

159 2071 230 2110 nem
256 2049 459 2127 persuadendi
486 2051 633 2111 facultate
661 2052 811 2130 insignem
838 2053 984 2129 Σειρῆνος
1011 2069 1184 2130 cognomen

158 2148 266 2208 tulisse
296 2139 348 2229 (cf.
372 2147 473 2207 Laert.
497 2147 585 2226 Dicg.
608 2147 668 2207 VH
694 2139 772 2229 160)
803 2150 835 2208 et
862 2148 1038 2225 saepissime
1072 2149 1182 2210 simili·

158 2246 265 2307 tudine
287 2252 324 2307 ut
348 2246 484 2323 apprime
507 2245 615 2305 idonea
638 2245 676 2306 ad
699 2245 889 2306 audientium
912 2246 1028 2306 animos
1047 2265 1183 2308 commo-

158 2345 272 2406 vendos
306 2363 396 2404 usum
428 2363 506 2420 ess03
537 2343 617 2403 unde
644 2344 761 2403 factum
789 2347 825 2404 ut
853 2343 918 2402 ciue
947 2335 1120 2420 ὁμοιώματα
1148 2346 1183 2405 in

160 2441 432 2502 declamationibus
452 2445 602 2517 usurpata
620 2442 768 2519 singulari
786 2441 864 2501 libro
883 2442 1103 2519 colligerentur
1126 2434 1182 2524 (cf.
1216 2425 1221 2440 κ

158 2539 342 2598 Ritschclius
367 2557 467 2615 opusc.
486 2539 560 2614 phil.
579 2539 595 2598 I
615 2559 644 2614 p.
664 2541 728 2600 557
739 2557 803 2617 sqq.
828 2542 859 2598 ct
876 2538 1038 2617 Himelius,
1062 2539 1183 2601 Uetere.

159 2638 191 2698 Π
206 2637 307 2697 adnot.
323 2638 341 2696 2
358 2636 397 2696 ad
410 2656 438 2713 p.
451 2628 521 2718 31);
540 2635 670 2715 denique
690 2638 755 2697 eius
774 2636 892 2696 scholas
906 2655 925 2696 a
937 2637 1099 2714 permultis
1120 2639 1182 2699 fre·

160 2737 321 2814 quentates
345 2750 410 2794 esse
434 2724 486 2816 (cf.
505 2733 538 2792 L.
557 2733 593 2792 D.
610 2733 671 2793 VII
687 2737 749 2795 182
774 2752 904 2812 quocum
927 2733 1080 2795 consentit
1103 2734 1182 2794 Era·

158 2831 307 2893 tosthenis
326 2830 536 2892 testimonium
553 2830 635 2908 apud
653 2831 833 2892 Strabonem
851 2832 867 2890 Ι
886 2834 914 2910 2,
931 2835 949 2890 2
968 2853 998 2908 p.
1020 2824 1086 2912 15).

622 3060 708 3120 LXII

226 3185 398 3246 Laertius
421 3184 522 3262 Diog.
541 3184 585 3244 IX
605 3186 646 3244 69
670 3171 714 3261 ἦν
735 3176 1000 3260 πολεμιώτατος
1022 3187 1098 3258 τοῖς
1121 3202 1180 3249 σο-

159 3287 318 3360 φισταῖς,
344 3276 384 3355 ὡς
401 3279 452 3342 aot
472 3281 573 3360 Τίμων
593 3279 686 3358 φησίν
704 3271 763 3363 (sic
778 3280 952 3360 FGHPQ,
974 3274 1097 3360 Τίμπνᾶ
1116 3305 1179 3363 φη-

160 3397 208 3440 σιν
225 3379 271 3455 Β,
297 3373 418 3458 Τίμωνοὶ
441 3394 534 3456 φασιν
555 3374 596 3458 s).

225 3476 330 3537 Sermo
350 3482 397 3538 est
414 3476 451 3537 de
467 3477 692 3556 Eurylocho,
716 3477 881 3555 Pyrrhonis
900 3476 1049 3554 discipulo
1068 3498 1177 3557 neque,

158 3578 194 3635 ut
216 3574 344 3635 Pauline
366 3595 396 3651 p.
419 3577 461 3634 49
491 3574 683 3652 editoresque
706 3574 853 3652 Diogenis
882 3575 999 3650 opinati
1026 3580 1111 3654 aaut,
1140 3576 1179 3637 de
