<?xml version="1.0" encoding="UTF-8"?>
<!DOCTYPE html PUBLIC "-//W3C//DTD XHTML 1.0 Transitional//EN"
    "http://www.w3.org/TR/xhtml1/DTD/xhtml1-transitional.dtd">
<html xmlns="http://www.w3.org/1999/xhtml" xml:lang="en" lang="en">
 <head>
  <title>
</title>
<meta http-equiv="Content-Type" content="text/html;charset=utf-8" />
  <meta name='ocr-system' content='tesseract 3.04.00' />
  <meta name='ocr-capabilities' content='ocr_page ocr_carea ocr_par ocr_line ocrx_word'/>
</head>
<body>
  <div class='ocr_page' id='page_1' title='image "./sillographorumg00wachgoog_0163.png"; bbox 0 0 2542 3996; ppageno 0'>
   <div class='ocr_carea' id='block_1_1' title="bbox 564 191 1198 258">
    <p class='ocr_par' dir='ltr' id='par_1_1' title="bbox 564 191 1198 258">
     <span class='ocr_line' id='line_1_1' title="bbox 564 191 1198 258; baseline 0.003 -2"><span class='ocrx_word' id='word_1_1' title='bbox 564 227 599 237; x_wconf 86' lang='lat'>-</span> <span class='ocrx_word' id='word_1_2' title='bbox 652 191 714 257; x_wconf 87' lang='lat'><strong>160</strong></span> <span class='ocrx_word' id='word_1_3' title='bbox 763 227 801 238; x_wconf 87' lang='lat'>-</span> <span class='ocrx_word' id='word_1_4' title='bbox 1062 215 1198 258; x_wconf 80' lang='lat' dir='ltr'><strong>rmorus</strong></span> 
     </span>
    </p>
   </div>
   <div class='ocr_carea' id='block_1_2' title="bbox 170 351 1267 2197">
    <p class='ocr_par' dir='ltr' id='par_1_2' title="bbox 170 351 1267 2197">
     <span class='ocr_line' id='line_1_2' title="bbox 172 351 1200 434; baseline 0.001 -18"><span class='ocrx_word' id='word_1_5' title='bbox 172 351 260 418; x_wconf 78' lang='lat' dir='ltr'><strong>‘noch</strong></span> <span class='ocrx_word' id='word_1_6' title='bbox 283 356 414 416; x_wconf 86' lang='lat' dir='ltr'><strong>welcher</strong></span> <span class='ocrx_word' id='word_1_7' title='bbox 437 356 518 416; x_wconf 75' lang='lat' dir='ltr'><strong>Seite</strong></span> <span class='ocrx_word' id='word_1_8' title='bbox 541 356 591 416; x_wconf 92' lang='lat' dir='ltr'><strong>ich</strong></span> <span class='ocrx_word' id='word_1_9' title='bbox 612 357 710 415; x_wconf 92' lang='lat' dir='ltr'><strong>meine</strong></span> <span class='ocrx_word' id='word_1_10' title='bbox 734 354 898 416; x_wconf 82' lang='lat' dir='ltr'><strong>Gedenken</strong></span> <span class='ocrx_word' id='word_1_11' title='bbox 921 357 1037 434; x_wconf 56' lang='lat' dir='ltr'><strong>leniae,</strong></span> <span class='ocrx_word' id='word_1_12' title='bbox 1063 357 1200 418; x_wconf 69' lang='lat' dir='ltr'><strong>kehrcen</strong></span> 
     </span>
     <span class='ocr_line' id='line_1_3' title="bbox 171 445 1199 536; baseline 0.002 -23"><span class='ocrx_word' id='word_1_13' title='bbox 171 455 214 513; x_wconf 87' lang='lat' dir='ltr'><strong>sie</strong></span> <span class='ocrx_word' id='word_1_14' title='bbox 246 454 353 513; x_wconf 84' lang='lat' dir='ltr'><strong>immor</strong></span> <span class='ocrx_word' id='word_1_15' title='bbox 384 453 433 513; x_wconf 89' lang='lat' dir='ltr'><strong>bei</strong></span> <span class='ocrx_word' id='word_1_16' title='bbox 464 455 532 513; x_wconf 92' lang='lat' dir='ltr'><strong>dem</strong></span> <span class='ocrx_word' id='word_1_17' title='bbox 559 454 658 513; x_wconf 80' lang='lat' dir='ltr'><strong>Einen</strong></span> <span class='ocrx_word' id='word_1_18' title='bbox 690 453 754 513; x_wconf 92' lang='lat' dir='ltr'><strong>und</strong></span> <span class='ocrx_word' id='word_1_19' title='bbox 782 453 925 514; x_wconf 84' lang='lat' dir='ltr'><strong>Gleichen</strong></span> <span class='ocrx_word' id='word_1_20' title='bbox 955 448 1015 514; x_wconf 88' lang='lat' dir='ltr'><strong>ein&#39;</strong></span> <span class='ocrx_word' id='word_1_21' title='bbox 1044 445 1091 536; x_wconf 87' lang='lat' dir='ltr'><strong>(id</strong></span> <span class='ocrx_word' id='word_1_22' title='bbox 1121 473 1199 516; x_wconf 85' lang='lat' dir='ltr'><strong>vero</strong></span> 
     </span>
     <span class='ocr_line' id='line_1_4' title="bbox 170 544 1199 632; baseline -0.001 -21"><span class='ocrx_word' id='word_1_23' title='bbox 170 545 321 612; x_wconf 74' lang='grc' dir='ltr'><strong><em>κατελύετο</em></strong></span> <span class='ocrx_word' id='word_1_24' title='bbox 352 551 512 612; x_wconf 88' lang='lat' dir='ltr'><strong>dicendum</strong></span> <span class='ocrx_word' id='word_1_25' title='bbox 547 555 625 628; x_wconf 74' lang='lat' dir='ltr'><strong>eret,</strong></span> <span class='ocrx_word' id='word_1_26' title='bbox 659 569 719 612; x_wconf 90' lang='lat' dir='ltr'><strong>non</strong></span> <span class='ocrx_word' id='word_1_27' title='bbox 745 544 907 632; x_wconf 83' lang='grc' dir='ltr'><strong><em>ἀνελύετο).</em></strong></span> <span class='ocrx_word' id='word_1_28' title='bbox 958 554 991 611; x_wconf 78' lang='lat' dir='ltr'><strong>ei</strong></span> <span class='ocrx_word' id='word_1_29' title='bbox 1017 570 1056 611; x_wconf 89' lang='lat' dir='ltr'><strong>ne</strong></span> <span class='ocrx_word' id='word_1_30' title='bbox 1082 551 1199 611; x_wconf 85' lang='lat' dir='ltr'><strong>dissol-</strong></span> 
     </span>
     <span class='ocr_line' id='line_1_5' title="bbox 171 643 1199 728; baseline -0.002 -18"><span class='ocrx_word' id='word_1_31' title='bbox 171 650 261 710; x_wconf 82' lang='lat' dir='ltr'><strong>vendi</strong></span> <span class='ocrx_word' id='word_1_32' title='bbox 280 643 403 728; x_wconf 79' lang='lat' dir='ltr'><strong>qriidem</strong></span> <span class='ocrx_word' id='word_1_33' title='bbox 420 653 556 727; x_wconf 77' lang='lat' dir='ltr'><strong>potestas</strong></span> <span class='ocrx_word' id='word_1_34' title='bbox 575 667 667 727; x_wconf 83' lang='lat' dir='ltr'><strong>quem</strong></span> <span class='ocrx_word' id='word_1_35' title='bbox 685 665 804 725; x_wconf 85' lang='lat' dir='ltr'><strong>semper</strong></span> <span class='ocrx_word' id='word_1_36' title='bbox 819 652 905 708; x_wconf 77' lang='lat' dir='ltr'><strong>tenet</strong></span> <span class='ocrx_word' id='word_1_37' title='bbox 918 647 1102 710; x_wconf 75' lang='lat' dir='ltr'><strong>vocabulum</strong></span> <span class='ocrx_word' id='word_1_38' title='bbox 1117 669 1199 726; x_wconf 82' lang='lat' dir='ltr'>qua·</span> 
     </span>
     <span class='ocr_line' id='line_1_6' title="bbox 171 745 1200 826; baseline 0 -20"><span class='ocrx_word' id='word_1_39' title='bbox 171 748 253 826; x_wconf 76' lang='lat' dir='ltr'><strong>drei3</strong></span> <span class='ocrx_word' id='word_1_40' title='bbox 292 747 345 808; x_wconf 87' lang='lat' dir='ltr'><strong>sed</strong></span> <span class='ocrx_word' id='word_1_41' title='bbox 381 747 570 808; x_wconf 71' lang='lat' dir='ltr'><strong>desideretur</strong></span> <span class='ocrx_word' id='word_1_42' title='bbox 600 746 785 824; x_wconf 84' lang='lat' dir='ltr'><strong>recurrendi,</strong></span> <span class='ocrx_word' id='word_1_43' title='bbox 822 745 989 824; x_wconf 74' lang='lat' dir='ltr'><strong>relabendi,</strong></span> <span class='ocrx_word' id='word_1_44' title='bbox 1023 748 1200 824; x_wconf 88' lang='lat' dir='ltr'><strong>repellendi</strong></span> 
     </span>
     <span class='ocr_line' id='line_1_7' title="bbox 172 835 1267 925; baseline 0.002 -22"><span class='ocrx_word' id='word_1_45' title='bbox 172 846 265 906; x_wconf 85' lang='lat' dir='ltr'><strong>notio.</strong></span> <span class='ocrx_word' id='word_1_46' title='bbox 301 846 412 906; x_wconf 89' lang='lat' dir='ltr'><strong>idcirco</strong></span> <span class='ocrx_word' id='word_1_47' title='bbox 435 846 581 923; x_wconf 78' lang='lat' dir='ltr'>proposui</span> <span class='ocrx_word' id='word_1_48' title='bbox 603 838 743 904; x_wconf 73' lang='grc' dir='ltr'><strong>ἀνεδύετο</strong></span> <span class='ocrx_word' id='word_1_49' title='bbox 767 835 830 925; x_wconf 84' lang='lat' dir='ltr'><strong>(vel</strong></span> <span class='ocrx_word' id='word_1_50' title='bbox 849 836 1019 920; x_wconf 79' lang='grc' dir='ltr'><strong><em>ἀνεδύσετο,</em></strong></span> <span class='ocrx_word' id='word_1_51' title='bbox 1043 863 1112 904; x_wconf 89' lang='lat' dir='ltr'><strong>oum</strong></span> <span class='ocrx_word' id='word_1_52' title='bbox 1132 865 1197 906; x_wconf 89' lang='lat' dir='ltr'><strong>non</strong></span> <span class='ocrx_word' id='word_1_53' title='bbox 1265 847 1267 862; x_wconf 74' lang='lat'><strong>¹</strong></span> 
     </span>
     <span class='ocr_line' id='line_1_8' title="bbox 173 935 1193 1024; baseline 0.001 -23"><span class='ocrx_word' id='word_1_54' title='bbox 173 946 290 1003; x_wconf 72' lang='lat' dir='ltr'><strong>constet</strong></span> <span class='ocrx_word' id='word_1_55' title='bbox 313 943 470 1003; x_wconf 77' lang='lat' dir='ltr'><strong>Timonem</strong></span> <span class='ocrx_word' id='word_1_56' title='bbox 493 959 562 1002; x_wconf 86' lang='lat' dir='ltr'><strong>curn</strong></span> <span class='ocrx_word' id='word_1_57' title='bbox 584 941 696 1002; x_wconf 78' lang='lat' dir='ltr'><strong>Atticis</strong></span> <span class='ocrx_word' id='word_1_58' title='bbox 719 943 855 1003; x_wconf 77' lang='lat' dir='ltr'><strong>vocalem</strong></span> <span class='ocrx_word' id='word_1_59' title='bbox 878 945 898 1002; x_wconf 82' lang='grc' dir='ltr'><strong><em>ύ</em></strong></span> <span class='ocrx_word' id='word_1_60' title='bbox 920 935 1124 1024; x_wconf 84' lang='lat' dir='ltr'><strong>produxisse.)</strong></span> <span class='ocrx_word' id='word_1_61' title='bbox 1153 975 1193 984; x_wconf 91' lang='lat'><strong>—-</strong></span> 
     </span>
     <span class='ocr_line' id='line_1_9' title="bbox 171 1039 1196 1119; baseline 0.004 -21"><span class='ocrx_word' id='word_1_62' title='bbox 171 1039 328 1101; x_wconf 73' lang='lat' dir='ltr'><strong>Postremo</strong></span> <span class='ocrx_word' id='word_1_63' title='bbox 352 1040 447 1099; x_wconf 80' lang='lat' dir='ltr'>librae</span> <span class='ocrx_word' id='word_1_64' title='bbox 470 1040 572 1117; x_wconf 77' lang='lat' dir='ltr'><strong>imago</strong></span> <span class='ocrx_word' id='word_1_65' title='bbox 595 1043 744 1116; x_wconf 81' lang='lat' dir='ltr'><strong>usurpate</strong></span> <span class='ocrx_word' id='word_1_66' title='bbox 766 1044 820 1117; x_wconf 79' lang='lat' dir='ltr'><strong>esi,</strong></span> <span class='ocrx_word' id='word_1_67' title='bbox 844 1040 876 1098; x_wconf 88' lang='lat' dir='ltr'><strong>in</strong></span> <span class='ocrx_word' id='word_1_68' title='bbox 895 1041 981 1100; x_wconf 88' lang='lat' dir='ltr'><strong>cuius</strong></span> <span class='ocrx_word' id='word_1_69' title='bbox 1001 1042 1098 1100; x_wconf 76' lang='lat' dir='ltr'><strong>cicero</strong></span> <span class='ocrx_word' id='word_1_70' title='bbox 1117 1041 1196 1119; x_wconf 81' lang='lat' dir='ltr'><strong>iugo</strong></span> 
     </span>
     <span class='ocr_line' id='line_1_10' title="bbox 172 1127 1196 1218; baseline 0.002 -22"><span class='ocrx_word' id='word_1_71' title='bbox 172 1156 220 1198; x_wconf 87' lang='lat' dir='ltr'><strong>res</strong></span> <span class='ocrx_word' id='word_1_72' title='bbox 237 1137 433 1215; x_wconf 74' lang='lat' dir='ltr'><strong>ponderando</strong></span> <span class='ocrx_word' id='word_1_73' title='bbox 451 1137 595 1214; x_wconf 80' lang='lat' dir='ltr'>suspendi</span> <span class='ocrx_word' id='word_1_74' title='bbox 614 1127 817 1218; x_wconf 77' lang='grc' dir='ltr'><strong><em>(ἀνίλκεσθαετ</em></strong></span> <span class='ocrx_word' id='word_1_75' title='bbox 837 1137 873 1196; x_wconf 85' lang='lat' dir='ltr'><strong>cf.</strong></span> <span class='ocrx_word' id='word_1_76' title='bbox 889 1136 976 1197; x_wconf 89' lang='lat' dir='ltr'><strong>Hom.</strong></span> <span class='ocrx_word' id='word_1_77' title='bbox 991 1139 1031 1196; x_wconf 83' lang='lat' dir='ltr'><strong><em>M</em></strong></span> <span class='ocrx_word' id='word_1_78' title='bbox 1043 1130 1125 1218; x_wconf 88' lang='grc'>434)</span> <span class='ocrx_word' id='word_1_79' title='bbox 1146 1157 1196 1198; x_wconf 90' lang='lat' dir='ltr'><strong>so-</strong></span> 
     </span>
     <span class='ocr_line' id='line_1_11' title="bbox 174 1234 1196 1312; baseline 0.004 -19"><span class='ocrx_word' id='word_1_80' title='bbox 174 1235 258 1296; x_wconf 76' lang='lat' dir='ltr'><strong>lebat</strong></span> <span class='ocrx_word' id='word_1_81' title='bbox 270 1235 303 1294; x_wconf 90' lang='lat' dir='ltr'><strong>in</strong></span> <span class='ocrx_word' id='word_1_82' title='bbox 317 1236 413 1294; x_wconf 78' lang='lat' dir='ltr'><strong>aliero</strong></span> <span class='ocrx_word' id='word_1_83' title='bbox 428 1234 670 1312; x_wconf 83' lang='lat' dir='ltr'><strong>aequipendium.</strong></span> <span class='ocrx_word' id='word_1_84' title='bbox 704 1234 761 1294; x_wconf 90' lang='lat' dir='ltr'><strong>hoo</strong></span> <span class='ocrx_word' id='word_1_85' title='bbox 775 1239 857 1296; x_wconf 78' lang='lat' dir='ltr'><strong>recte</strong></span> <span class='ocrx_word' id='word_1_86' title='bbox 871 1238 1028 1295; x_wconf 78' lang='lat' dir='ltr'><strong>essecutus</strong></span> <span class='ocrx_word' id='word_1_87' title='bbox 1042 1235 1196 1297; x_wconf 74' lang='lat' dir='ltr'><strong>Monotes</strong></span> 
     </span>
     <span class='ocr_line' id='line_1_12' title="bbox 173 1325 1195 1410; baseline 0.001 -18"><span class='ocrx_word' id='word_1_88' title='bbox 173 1334 273 1392; x_wconf 85' lang='lat' dir='ltr'><strong>minus</strong></span> <span class='ocrx_word' id='word_1_89' title='bbox 290 1336 372 1392; x_wconf 85' lang='lat' dir='ltr'><strong>recte</strong></span> <span class='ocrx_word' id='word_1_90' title='bbox 390 1351 444 1409; x_wconf 92' lang='lat' dir='ltr'><strong>pro</strong></span> <span class='ocrx_word' id='word_1_91' title='bbox 464 1326 491 1392; x_wconf 83' lang='lat' dir='ltr'><strong>d’</strong></span> <span class='ocrx_word' id='word_1_92' title='bbox 513 1325 565 1392; x_wconf 75' lang='grc' dir='ltr'><strong><em>ἐὸν</em></strong></span> <span class='ocrx_word' id='word_1_93' title='bbox 583 1333 714 1392; x_wconf 75' lang='lat' dir='ltr'><strong>coniecit</strong></span> <span class='ocrx_word' id='word_1_94' title='bbox 732 1327 766 1392; x_wconf 76' lang='grc' dir='ltr'><strong>δέ</strong></span> <span class='ocrx_word' id='word_1_95' title='bbox 782 1332 823 1408; x_wconf 75' lang='grc' dir='ltr'><strong><em>οἷς</em></strong></span> <span class='ocrx_word' id='word_1_96' title='bbox 841 1350 972 1410; x_wconf 82' lang='lat' dir='ltr'><strong>nemque</strong></span> <span class='ocrx_word' id='word_1_97' title='bbox 990 1333 1195 1410; x_wconf 75' lang='lat' dir='ltr'><strong>Xenophanes</strong></span> 
     </span>
     <span class='ocr_line' id='line_1_13' title="bbox 174 1429 1267 1510; baseline 0.003 -22"><span class='ocrx_word' id='word_1_98' title='bbox 174 1430 339 1489; x_wconf 87' lang='lat' dir='ltr'><strong>secundum</strong></span> <span class='ocrx_word' id='word_1_99' title='bbox 357 1434 451 1490; x_wconf 72' lang='lat' dir='ltr'><strong>coecos</strong></span> <span class='ocrx_word' id='word_1_100' title='bbox 470 1429 635 1490; x_wconf 73' lang='lat' dir='ltr'><strong>identidem</strong></span> <span class='ocrx_word' id='word_1_101' title='bbox 653 1429 795 1490; x_wconf 82' lang='lat' dir='ltr'><strong>leudetoe</strong></span> <span class='ocrx_word' id='word_1_102' title='bbox 814 1430 979 1493; x_wconf 75' lang='lat' dir='ltr'><strong>affirmarit</strong></span> <span class='ocrx_word' id='word_1_103' title='bbox 995 1430 1073 1491; x_wconf 90' lang='lat' dir='ltr'><strong>illud</strong></span> <span class='ocrx_word' id='word_1_104' title='bbox 1087 1451 1194 1510; x_wconf 86' lang='lat' dir='ltr'><strong>unum,</strong></span> <span class='ocrx_word' id='word_1_105' title='bbox 1266 1507 1267 1510; x_wconf 9' lang='grc' dir='ltr'><strong><em>ρ</em></strong></span> 
     </span>
     <span class='ocr_line' id='line_1_14' title="bbox 173 1520 1195 1610; baseline 0.002 -24"><span class='ocrx_word' id='word_1_106' title='bbox 173 1527 255 1604; x_wconf 86' lang='lat' dir='ltr'><strong>quod</strong></span> <span class='ocrx_word' id='word_1_107' title='bbox 277 1528 357 1588; x_wconf 89' lang='lat' dir='ltr'><strong>idem</strong></span> <span class='ocrx_word' id='word_1_108' title='bbox 379 1529 554 1589; x_wconf 85' lang='lat' dir='ltr'><strong>universum</strong></span> <span class='ocrx_word' id='word_1_109' title='bbox 577 1527 717 1604; x_wconf 87' lang='lat' dir='ltr'><strong>idemque</strong></span> <span class='ocrx_word' id='word_1_110' title='bbox 740 1527 826 1605; x_wconf 85' lang='lat' dir='ltr'><strong>deus,</strong></span> <span class='ocrx_word' id='word_1_111' title='bbox 852 1521 953 1588; x_wconf 85' lang='grc' dir='ltr'><strong><em>ἀίδιον</em></strong></span> <span class='ocrx_word' id='word_1_112' title='bbox 975 1545 1049 1588; x_wconf 84' lang='lat' dir='ltr'><strong>esse.</strong></span> <span class='ocrx_word' id='word_1_113' title='bbox 1097 1520 1195 1610; x_wconf 77' lang='lat' dir='ltr'><strong>(Quid</strong></span> 
     </span>
     <span class='ocr_line' id='line_1_15' title="bbox 175 1611 1267 1704; baseline 0.004 -18"><span class='ocrx_word' id='word_1_114' title='bbox 175 1625 211 1686; x_wconf 73' lang='lat' dir='ltr'><strong>ee</strong></span> <span class='ocrx_word' id='word_1_115' title='bbox 229 1627 286 1686; x_wconf 90' lang='lat' dir='ltr'><strong>hoc</strong></span> <span class='ocrx_word' id='word_1_116' title='bbox 305 1627 341 1686; x_wconf 75' lang='lat' dir='ltr'><strong>fr.</strong></span> <span class='ocrx_word' id='word_1_117' title='bbox 357 1627 497 1704; x_wconf 73' lang='lat' dir='ltr'><strong>nemius,</strong></span> <span class='ocrx_word' id='word_1_118' title='bbox 516 1626 609 1686; x_wconf 69' lang='lat' dir='ltr'><strong>Reor.</strong></span> <span class='ocrx_word' id='word_1_119' title='bbox 627 1642 652 1684; x_wconf 74' lang='grc' dir='ltr'><strong>ο.</strong></span> <span class='ocrx_word' id='word_1_120' title='bbox 666 1625 806 1686; x_wconf 71' lang='lat' dir='ltr'><strong>narseo.</strong></span> <span class='ocrx_word' id='word_1_121' title='bbox 825 1627 876 1684; x_wconf 72' lang='grc' dir='ltr'><strong>οο</strong></span> <span class='ocrx_word' id='word_1_122' title='bbox 889 1627 997 1686; x_wconf 68' lang='lat' dir='ltr'><strong>Peos.</strong></span> <span class='ocrx_word' id='word_1_123' title='bbox 1016 1627 1044 1686; x_wconf 82' lang='grc' dir='ltr'><strong>α.</strong></span> <span class='ocrx_word' id='word_1_124' title='bbox 1061 1626 1192 1701; x_wconf 67' lang='grc' dir='ltr'><strong><em>Χολορε.</em></strong></span> <span class='ocrx_word' id='word_1_125' title='bbox 1266 1611 1267 1690; x_wconf 62' lang='grc' dir='ltr'><strong>ζ</strong></span> 
     </span>
     <span class='ocr_line' id='line_1_16' title="bbox 173 1709 1267 1803; baseline 0.005 -20"><span class='ocrx_word' id='word_1_126' title='bbox 173 1743 272 1803; x_wconf 77' lang='lat' dir='ltr'><strong>progr.</strong></span> <span class='ocrx_word' id='word_1_127' title='bbox 293 1723 392 1784; x_wconf 80' lang='lat' dir='ltr'><strong>Sedin.</strong></span> <span class='ocrx_word' id='word_1_128' title='bbox 414 1727 499 1786; x_wconf 83' lang='lat'>1871</span> <span class='ocrx_word' id='word_1_129' title='bbox 519 1743 548 1801; x_wconf 92' lang='lat' dir='ltr'><strong>p.</strong></span> <span class='ocrx_word' id='word_1_130' title='bbox 568 1725 587 1782; x_wconf 87' lang='lat'>4</span> <span class='ocrx_word' id='word_1_131' title='bbox 610 1721 677 1781; x_wconf 86' lang='lat' dir='ltr'><strong>edn.</strong></span> <span class='ocrx_word' id='word_1_132' title='bbox 697 1721 738 1764; x_wconf 84' lang='lat'><strong>**</strong></span> <span class='ocrx_word' id='word_1_133' title='bbox 756 1722 910 1801; x_wconf 79' lang='lat' dir='ltr'><strong>statuerit,</strong></span> <span class='ocrx_word' id='word_1_134' title='bbox 933 1722 1100 1802; x_wconf 69' lang='lat' dir='ltr'><strong>Gottingae</strong></span> <span class='ocrx_word' id='word_1_135' title='bbox 1124 1743 1195 1784; x_wconf 86' lang='lat' dir='ltr'><strong>cum</strong></span> <span class='ocrx_word' id='word_1_136' title='bbox 1266 1709 1267 1788; x_wconf 68' lang='lat' dir='ltr'><strong>i</strong></span> 
     </span>
     <span class='ocr_line' id='line_1_17' title="bbox 173 1818 1193 1899; baseline 0.001 -19"><span class='ocrx_word' id='word_1_137' title='bbox 173 1840 233 1881; x_wconf 93' lang='lat' dir='ltr'><strong>non</strong></span> <span class='ocrx_word' id='word_1_138' title='bbox 256 1821 475 1898; x_wconf 77' lang='lat' dir='ltr'><strong>adscripserim,</strong></span> <span class='ocrx_word' id='word_1_139' title='bbox 499 1818 719 1897; x_wconf 77' lang='lat' dir='ltr'><strong>Heidelbergee</strong></span> <span class='ocrx_word' id='word_1_140' title='bbox 742 1838 921 1899; x_wconf 82' lang='lat' dir='ltr'><strong>cognoscere</strong></span> <span class='ocrx_word' id='word_1_141' title='bbox 939 1840 1072 1898; x_wconf 82' lang='lat' dir='ltr'><strong>neque03</strong></span> <span class='ocrx_word' id='word_1_142' title='bbox 1095 1823 1129 1881; x_wconf 92' lang='lat' dir='ltr'><strong>in</strong></span> <span class='ocrx_word' id='word_1_143' title='bbox 1148 1842 1193 1882; x_wconf 92' lang='lat' dir='ltr'><strong>re·</strong></span> 
     </span>
     <span class='ocr_line' id='line_1_18' title="bbox 173 1918 1193 1998; baseline 0.004 -22"><span class='ocrx_word' id='word_1_144' title='bbox 173 1919 304 1979; x_wconf 86' lang='lat' dir='ltr'><strong>centiore</strong></span> <span class='ocrx_word' id='word_1_145' title='bbox 323 1937 423 1998; x_wconf 81' lang='lat' dir='ltr'><strong>progr.</strong></span> <span class='ocrx_word' id='word_1_146' title='bbox 444 1919 543 1979; x_wconf 85' lang='lat' dir='ltr'><strong>Sedin.</strong></span> <span class='ocrx_word' id='word_1_147' title='bbox 563 1918 647 1978; x_wconf 83' lang='grc'>1874</span> <span class='ocrx_word' id='word_1_148' title='bbox 667 1921 738 1978; x_wconf 79' lang='grc' dir='ltr'><strong><em>κλύον</em></strong></span> <span class='ocrx_word' id='word_1_149' title='bbox 758 1919 885 1994; x_wconf 79' lang='grc' dir='ltr'><strong><em>Χεκορίο.</em></strong></span> <span class='ocrx_word' id='word_1_150' title='bbox 906 1938 931 1978; x_wconf 91' lang='grc' dir='ltr'><strong>υ.</strong></span> <span class='ocrx_word' id='word_1_151' title='bbox 950 1919 1016 1978; x_wconf 85' lang='lat' dir='ltr'><strong>Kol.</strong></span> <span class='ocrx_word' id='word_1_152' title='bbox 1035 1939 1064 1998; x_wconf 89' lang='lat' dir='ltr'><strong>p.</strong></span> <span class='ocrx_word' id='word_1_153' title='bbox 1088 1923 1129 1980; x_wconf 84' lang='lat'><strong>13</strong></span> <span class='ocrx_word' id='word_1_154' title='bbox 1150 1922 1193 1980; x_wconf 88' lang='lat' dir='ltr'><strong>sic</strong></span> 
     </span>
     <span class='ocr_line' id='line_1_19' title="bbox 171 2010 1194 2097; baseline 0.004 -23"><span class='ocrx_word' id='word_1_155' title='bbox 171 2015 276 2075; x_wconf 67' lang='lat' dir='ltr'><strong>vendit:</strong></span> <span class='ocrx_word' id='word_1_156' title='bbox 309 2010 405 2077; x_wconf 71' lang='lat' dir='ltr'><strong>‘Dooh</strong></span> <span class='ocrx_word' id='word_1_157' title='bbox 434 2022 504 2095; x_wconf 68' lang='lat' dir='ltr'><strong>erog</strong></span> <span class='ocrx_word' id='word_1_158' title='bbox 531 2016 611 2075; x_wconf 90' lang='lat' dir='ltr'><strong>mich</strong></span> <span class='ocrx_word' id='word_1_159' title='bbox 641 2034 691 2075; x_wconf 87' lang='lat' dir='ltr'><strong>em</strong></span> <span class='ocrx_word' id='word_1_160' title='bbox 718 2016 826 2077; x_wconf 87' lang='lat' dir='ltr'><strong>Abend</strong></span> <span class='ocrx_word' id='word_1_161' title='bbox 855 2016 906 2078; x_wconf 87' lang='lat' dir='ltr'><strong>dee</strong></span> <span class='ocrx_word' id='word_1_162' title='bbox 930 2015 1046 2076; x_wconf 72' lang='lat' dir='ltr'><strong>debens</strong></span> <span class='ocrx_word' id='word_1_163' title='bbox 1068 2016 1073 2091; x_wconf 87' lang='grc' dir='ltr'>Ι</span> <span class='ocrx_word' id='word_1_164' title='bbox 1095 2019 1194 2097; x_wconf 69' lang='grc' dir='ltr'><strong><em>Τεθρ-</em></strong></span> 
     </span>
     <span class='ocr_line' id='line_1_20' title="bbox 172 2109 1194 2197; baseline 0.005 -27"><span class='ocrx_word' id='word_1_165' title='bbox 172 2113 267 2174; x_wconf 89' lang='lat' dir='ltr'><strong>licher</strong></span> <span class='ocrx_word' id='word_1_166' title='bbox 284 2112 419 2174; x_wconf 87' lang='lat' dir='ltr'><strong>irrender</strong></span> <span class='ocrx_word' id='word_1_167' title='bbox 437 2113 521 2176; x_wconf 80' lang='lat' dir='ltr'><strong>Pfed.</strong></span> <span class='ocrx_word' id='word_1_168' title='bbox 556 2115 604 2174; x_wconf 83' lang='lat' dir='ltr'><strong>De</strong></span> <span class='ocrx_word' id='word_1_169' title='bbox 623 2115 724 2177; x_wconf 88' lang='lat' dir='ltr'><strong>verlor</strong></span> <span class='ocrx_word' id='word_1_170' title='bbox 741 2114 791 2173; x_wconf 90' lang='lat' dir='ltr'><strong>ich</strong></span> <span class='ocrx_word' id='word_1_171' title='bbox 809 2114 857 2176; x_wconf 93' lang='lat' dir='ltr'><strong>die</strong></span> <span class='ocrx_word' id='word_1_172' title='bbox 876 2115 962 2174; x_wconf 85' lang='lat' dir='ltr'><strong>klere</strong></span> <span class='ocrx_word' id='word_1_173' title='bbox 976 2109 1194 2197; x_wconf 79' lang='lat' dir='ltr'><strong>Besinnung&#39;.)</strong></span> 
     </span>
    </p>
   </div>
   <div class='ocr_carea' id='block_1_3' title="bbox 479 2532 878 2624">
    <p class='ocr_par' dir='ltr' id='par_1_3' title="bbox 479 2532 878 2624">
     <span class='ocr_line' id='line_1_21' title="bbox 479 2532 878 2624; baseline 0.008 -26"><span class='ocrx_word' id='word_1_174' title='bbox 479 2540 636 2599; x_wconf 84' lang='lat' dir='ltr'>XXXXVI</span> <span class='ocrx_word' id='word_1_175' title='bbox 663 2532 721 2622; x_wconf 87' lang='lat'><strong>(44</strong></span> <span class='ocrx_word' id='word_1_176' title='bbox 744 2533 878 2624; x_wconf 83' lang='lat' dir='ltr'><strong>proecd.)</strong></span> 
     </span>
    </p>
   </div>
   <div class='ocr_carea' id='block_1_4' title="bbox 215 2646 1266 2960">
    <p class='ocr_par' dir='ltr' id='par_1_4' title="bbox 215 2646 1266 2960">
     <span class='ocr_line' id='line_1_22' title="bbox 215 2646 1097 2747; baseline 0.005 -23"><span class='ocrx_word' id='word_1_177' title='bbox 215 2646 275 2742; x_wconf 76' lang='grc' dir='ltr'><strong>ἧκε</strong></span> <span class='ocrx_word' id='word_1_178' title='bbox 297 2652 408 2741; x_wconf 83' lang='grc' dir='ltr'><strong><em>βαρὺν</em></strong></span> <span class='ocrx_word' id='word_1_179' title='bbox 431 2659 604 2742; x_wconf 76' lang='grc' dir='ltr'><em>βουπλῆγα</em></span> <span class='ocrx_word' id='word_1_180' title='bbox 626 2659 816 2744; x_wconf 76' lang='grc' dir='ltr'><strong><em>τομώτερον</em></strong></span> <span class='ocrx_word' id='word_1_181' title='bbox 840 2653 860 2745; x_wconf 84' lang='grc' dir='ltr'><em>ἢ</em></span> <span class='ocrx_word' id='word_1_182' title='bbox 886 2661 1097 2747; x_wconf 76' lang='grc' dir='ltr'><strong><em>Λυκόοργος,</em></strong></span> 
     </span>
     <span class='ocr_line' id='line_1_23' title="bbox 217 2760 1266 2854; baseline 0.005 -24"><span class='ocrx_word' id='word_1_183' title='bbox 217 2760 253 2842; x_wconf 81' lang='grc' dir='ltr'><strong>ὅς</strong></span> <span class='ocrx_word' id='word_1_184' title='bbox 281 2763 324 2850; x_wconf 75' lang='grc' dir='ltr'><strong><em>όν</em></strong></span> <span class='ocrx_word' id='word_1_185' title='bbox 349 2763 532 2830; x_wconf 83' lang='grc' dir='ltr'><strong><em>Διωνύσου</em></strong></span> <span class='ocrx_word' id='word_1_186' title='bbox 556 2760 816 2852; x_wconf 77' lang='grc' dir='ltr'><strong><em>ἀρρυθμοπότας</em></strong></span> <span class='ocrx_word' id='word_1_187' title='bbox 840 2765 1028 2852; x_wconf 80' lang='grc' dir='ltr'><strong><em>ἐπέκοπτεν,</em></strong></span> <span class='ocrx_word' id='word_1_188' title='bbox 1265 2849 1266 2854; x_wconf 12' lang='lat'>¹</span> 
     </span>
     <span class='ocr_line' id='line_1_24' title="bbox 216 2866 1193 2960; baseline 0.004 -22"><span class='ocrx_word' id='word_1_189' title='bbox 216 2870 251 2938; x_wconf 78' lang='grc' dir='ltr'><strong><em>ἐκ</em></strong></span> <span class='ocrx_word' id='word_1_190' title='bbox 280 2867 318 2936; x_wconf 71' lang='grc' dir='ltr'><strong>δὲ</strong></span> <span class='ocrx_word' id='word_1_191' title='bbox 346 2866 429 2955; x_wconf 82' lang='grc' dir='ltr'><strong><em>ῥυτά</em></strong></span> <span class='ocrx_word' id='word_1_192' title='bbox 458 2871 636 2958; x_wconf 70' lang='grc' dir='ltr'><strong><em>ῥίπτασκεν</em></strong></span> <span class='ocrx_word' id='word_1_193' title='bbox 664 2867 909 2958; x_wconf 80' lang='grc' dir='ltr'><strong><em>ἀπληστοίνους</em></strong></span> <span class='ocrx_word' id='word_1_194' title='bbox 936 2869 964 2941; x_wconf 89' lang='grc' dir='ltr'><strong><em>τ’</em></strong></span> <span class='ocrx_word' id='word_1_195' title='bbox 995 2871 1193 2960; x_wconf 87' lang='grc' dir='ltr'><strong><em>ἀρυσαίνας.</em></strong></span> 
     </span>
    </p>
   </div>
   <div class='ocr_carea' id='block_1_5' title="bbox 87 3074 1192 3650">
    <p class='ocr_par' dir='ltr' id='par_1_5' title="bbox 87 3074 1192 3650">
     <span class='ocr_line' id='line_1_25' title="bbox 237 3074 1192 3162; baseline 0.004 -20"><span class='ocrx_word' id='word_1_196' title='bbox 237 3100 324 3144; x_wconf 81' lang='lat' dir='ltr'><strong>rnen.</strong></span> <span class='ocrx_word' id='word_1_197' title='bbox 362 3081 573 3142; x_wconf 70' lang='lat' dir='ltr'><strong>Athenaeus</strong></span> <span class='ocrx_word' id='word_1_198' title='bbox 596 3082 625 3141; x_wconf 90' lang='lat' dir='ltr'>X</span> <span class='ocrx_word' id='word_1_199' title='bbox 647 3104 675 3160; x_wconf 90' lang='lat' dir='ltr'><strong>p.</strong></span> <span class='ocrx_word' id='word_1_200' title='bbox 700 3075 782 3144; x_wconf 70' lang='grc'><strong>445(1</strong></span> <span class='ocrx_word' id='word_1_201' title='bbox 810 3074 1040 3162; x_wconf 76' lang='grc' dir='ltr'><strong><em>ἀρρυθμοπότης</em></strong></span> <span class='ocrx_word' id='word_1_202' title='bbox 1068 3077 1097 3146; x_wconf 83' lang='grc' dir='ltr'><strong><em>εἷ,</em></strong></span> <span class='ocrx_word' id='word_1_203' title='bbox 1116 3079 1192 3146; x_wconf 88' lang='grc' dir='ltr'><strong>κατά</strong></span> 
     </span>
     <span class='ocr_line' id='line_1_26' title="bbox 87 3173 1192 3261; baseline 0.005 -22"><span class='ocrx_word' id='word_1_204' title='bbox 87 3189 89 3192; x_wconf 83' lang='grc'><strong>’</strong></span> <span class='ocrx_word' id='word_1_205' title='bbox 170 3174 222 3240; x_wconf 87' lang='grc' dir='ltr'><strong>τὸν</strong></span> <span class='ocrx_word' id='word_1_206' title='bbox 241 3173 386 3240; x_wconf 85' lang='grc' dir='ltr'><strong><em>Φλιάσιον</em></strong></span> <span class='ocrx_word' id='word_1_207' title='bbox 407 3179 538 3258; x_wconf 89' lang='grc' dir='ltr'><strong><em>Τίμωνα·</em></strong></span> <span class='ocrx_word' id='word_1_208' title='bbox 563 3173 656 3252; x_wconf 74' lang='grc' dir='ltr'><strong><em>οὕτως</em></strong></span> <span class='ocrx_word' id='word_1_209' title='bbox 677 3173 735 3261; x_wconf 82' lang='grc' dir='ltr'><strong>γάρ</strong></span> <span class='ocrx_word' id='word_1_210' title='bbox 757 3177 869 3254; x_wconf 73' lang='grc' dir='ltr'><strong><em>ἐκεῖνος</em></strong></span> <span class='ocrx_word' id='word_1_211' title='bbox 892 3175 1026 3260; x_wconf 87' lang='grc' dir='ltr'><strong><em>οόνόμασε</em></strong></span> <span class='ocrx_word' id='word_1_212' title='bbox 1048 3175 1119 3254; x_wconf 80' lang='grc' dir='ltr'><strong><em>τούς</em></strong></span> <span class='ocrx_word' id='word_1_213' title='bbox 1139 3177 1192 3245; x_wconf 84' lang='grc' dir='ltr'><strong>τὸν</strong></span> 
     </span>
     <span class='ocr_line' id='line_1_27' title="bbox 171 3268 1190 3363; baseline 0.004 -27"><span class='ocrx_word' id='word_1_214' title='bbox 171 3271 267 3336; x_wconf 80' lang='grc' dir='ltr'><strong><em>πολύν</em></strong></span> <span class='ocrx_word' id='word_1_215' title='bbox 295 3278 429 3348; x_wconf 76' lang='grc' dir='ltr'><strong><em>σπῶντας</em></strong></span> <span class='ocrx_word' id='word_1_216' title='bbox 456 3268 540 3337; x_wconf 78' lang='grc' dir='ltr'><strong><em>οἶνον</em></strong></span> <span class='ocrx_word' id='word_1_217' title='bbox 567 3271 695 3355; x_wconf 86' lang='grc' dir='ltr'><strong><em>ἀκρατον</em></strong></span> <span class='ocrx_word' id='word_1_218' title='bbox 719 3274 752 3338; x_wconf 79' lang='grc' dir='ltr'><strong><em>ἐν</em></strong></span> <span class='ocrx_word' id='word_1_219' title='bbox 774 3280 814 3363; x_wconf 80' lang='grc' dir='ltr'><strong><em>τῷ</em></strong></span> <span class='ocrx_word' id='word_1_220' title='bbox 838 3275 963 3362; x_wconf 78' lang='grc' dir='ltr'><strong><em>δευτέρῳ</em></strong></span> <span class='ocrx_word' id='word_1_221' title='bbox 986 3280 1046 3338; x_wconf 81' lang='grc' dir='ltr'><strong>τῶν</strong></span> <span class='ocrx_word' id='word_1_222' title='bbox 1068 3279 1190 3340; x_wconf 84' lang='grc' dir='ltr'><strong><em>σίλλων·</em></strong></span> 
     </span>
     <span class='ocr_line' id='line_1_28' title="bbox 173 3361 1191 3454; baseline 0.007 -25"><span class='ocrx_word' id='word_1_223' title='bbox 173 3361 246 3450; x_wconf 76' lang='grc' dir='ltr'><strong><em>«ἧκε</em></strong></span> <span class='ocrx_word' id='word_1_224' title='bbox 270 3406 311 3416; x_wconf 87' lang='grc'>-</span> <span class='ocrx_word' id='word_1_225' title='bbox 336 3367 529 3454; x_wconf 77' lang='grc' dir='ltr'><strong><em>ἀρυσαίνας».</em></strong></span> <span class='ocrx_word' id='word_1_226' title='bbox 566 3374 663 3435; x_wconf 88' lang='lat' dir='ltr'><strong>Idem</strong></span> <span class='ocrx_word' id='word_1_227' title='bbox 685 3376 714 3434; x_wconf 88' lang='lat' dir='ltr'>X</span> <span class='ocrx_word' id='word_1_228' title='bbox 735 3397 764 3452; x_wconf 92' lang='lat' dir='ltr'><strong>p.</strong></span> <span class='ocrx_word' id='word_1_229' title='bbox 784 3369 865 3435; x_wconf 71' lang='lat' dir='ltr'><strong>ew</strong></span> <span class='ocrx_word' id='word_1_230' title='bbox 889 3375 990 3454; x_wconf 90' lang='grc' dir='ltr'><strong><em>Τίμων</em></strong></span> <span class='ocrx_word' id='word_1_231' title='bbox 1013 3369 1040 3436; x_wconf 85' lang='lat' dir='ltr'><strong>d&#39;</strong></span> <span class='ocrx_word' id='word_1_232' title='bbox 1067 3372 1101 3435; x_wconf 79' lang='grc' dir='ltr'><strong><em>ἔν</em></strong></span> <span class='ocrx_word' id='word_1_233' title='bbox 1125 3376 1191 3437; x_wconf 81' lang='grc' dir='ltr'><strong><em>δεν-</em></strong></span> 
     </span>
     <span class='ocr_line' id='line_1_29' title="bbox 172 3464 1190 3552; baseline 0.007 -24"><span class='ocrx_word' id='word_1_234' title='bbox 172 3465 244 3552; x_wconf 63' lang='lat' dir='ltr'><strong>cipp</strong></span> <span class='ocrx_word' id='word_1_235' title='bbox 273 3467 379 3530; x_wconf 88' lang='grc' dir='ltr'><strong><em>σίλλων</em></strong></span> <span class='ocrx_word' id='word_1_236' title='bbox 405 3464 568 3549; x_wconf 84' lang='grc' dir='ltr'><strong><em>ἀρυσαίνας</em></strong></span> <span class='ocrx_word' id='word_1_237' title='bbox 595 3469 716 3551; x_wconf 79' lang='grc' dir='ltr'><strong><em>κέκληκε</em></strong></span> <span class='ocrx_word' id='word_1_238' title='bbox 738 3467 807 3546; x_wconf 85' lang='grc' dir='ltr'><strong><em>τούς</em></strong></span> <span class='ocrx_word' id='word_1_239' title='bbox 829 3467 967 3546; x_wconf 79' lang='grc' dir='ltr'><strong><em>κυάθους</em></strong></span> <span class='ocrx_word' id='word_1_240' title='bbox 993 3467 1119 3549; x_wconf 82' lang='grc' dir='ltr'><strong><em>φάσκων</em></strong></span> <span class='ocrx_word' id='word_1_241' title='bbox 1137 3467 1190 3535; x_wconf 82' lang='grc' dir='ltr'><strong>οὗ·</strong></span> 
     </span>
     <span class='ocr_line' id='line_1_30' title="bbox 172 3559 1190 3650; baseline 0.008 -25"><span class='ocrx_word' id='word_1_242' title='bbox 172 3566 254 3626; x_wconf 90' lang='grc' dir='ltr'><strong><em>τωσί·</em></strong></span> <span class='ocrx_word' id='word_1_243' title='bbox 279 3559 514 3645; x_wconf 77' lang='grc' dir='ltr'><strong><em>«ἀπληστοίνους</em></strong></span> <span class='ocrx_word' id='word_1_244' title='bbox 532 3563 556 3628; x_wconf 90' lang='grc' dir='ltr'><strong><em>τ’</em></strong></span> <span class='ocrx_word' id='word_1_245' title='bbox 578 3563 762 3649; x_wconf 80' lang='grc' dir='ltr'><strong><em>ἀρυσαίνας»</em></strong></span> <span class='ocrx_word' id='word_1_246' title='bbox 782 3564 841 3631; x_wconf 86' lang='grc' dir='ltr'><strong><em>ἀπό</em></strong></span> <span class='ocrx_word' id='word_1_247' title='bbox 862 3574 912 3632; x_wconf 85' lang='grc' dir='ltr'><strong><em>τού</em></strong></span> <span class='ocrx_word' id='word_1_248' title='bbox 931 3565 1101 3650; x_wconf 79' lang='grc' dir='ltr'><strong><em>ἀρύσασθαι</em></strong></span> <span class='ocrx_word' id='word_1_249' title='bbox 1120 3561 1190 3634; x_wconf 84' lang='grc' dir='ltr'><strong><em>ἀνο-</em></strong></span> 
     </span>
    </p>
   </div>
   <div class='ocr_carea' id='block_1_6' title="bbox 0 0 1276 3996">
    <p class='ocr_par' dir='ltr' id='par_1_6' title="bbox 0 0 1276 3996">
     <span class='ocr_line' id='line_1_31' title="bbox 0 0 1276 3996; baseline 0 0"><span class='ocrx_word' id='word_1_250' title='bbox 0 0 1276 3996; x_wconf 95' lang='lat' dir='ltr'><strong> </strong></span> 
     </span>
    </p>
   </div>
  </div>
 </body>
</html>
