2548 4004
522 154 742 220 „19...

118 340 170 382 res
193 325 261 382 tota
283 322 412 382 fortasse
432 320 471 379 ad
489 320 678 380 aemulorum
700 318 847 380 invidiam
869 323 1029 396 poetarum
1051 319 1139 398 redit,
1215 311 1219 319 ’

118 437 193 478 narn
225 422 262 479 nt
290 417 434 478 Athenis'
451 421 560 496 poetae
592 415 706 476 mutua'
731 416 909 494 flagrabant·
934 417 1063 495 invidia,
1095 417 1141 477 ita

118 517 217 578 etiam
239 516 460 606 Alexandrginos
483 518 590 593 poetas
613 515 694 574 inter
716 531 748 574 se
772 514 940 575 exercuisse
963 514 1139 580 inimicitias

117 617 360 676 consentaneum
387 607 453 675 est’.
499 632 563 674 rem
590 612 688 689 ipsam
716 612 848 672 arbitror
878 612 962 671 haud
988 613 1034 672 ita
1061 612 1139 672 diffi-

117 711 212 772 cilem
236 730 301 773 esse
324 712 490 788 explicati:
514 711 589 771 dicit
606 710 758 787 Diogenes
778 709 935 770 Timonem
954 711 1066 790 quippe
1087 711 1141 788 qui

117 813 205 872 asset
236 803 475 890 φιλογράμματος
508 807 700 886 aptissimum
730 808 824 868 fnisse
856 807 895 867 ad
927 808 1141 868 conscribenda

116 906 222 984 poetis
240 906 625 984 fabmmumargnmenta,
648 905 667 964 i.
683 923 706 964 e.
727 905 766 964 ad
783 904 962 965 tradendam
980 906 1023 965 eis
1041 906 1140 982 ipsam

116 1003 360 1082 mythologicam
386 1003 558 1081 materiam,
591 1022 627 1062 ex
659 1021 720 1080 qua
747 1003 885 1064 dramata
912 1006 1141 1080 'componerent3

115 1101 215 1180 idque
237 1102 399 1180 praecipue
421 1101 611 1178 praestitisse
633 1099 807 1161 Alexandro
827 1100 938 1161 Aetolo
961 1105 1054 1179 atque
1077 1101 1141 1162 Ho-

114 1218 206 1260 mero
224 1200 341 1278 tragico
360 1199 392 1258 in
410 1198 623 1277 componendis
641 1197 815 1275 tragoediis.
847 1198 1040 1276 nequeenim
1054 1199 1140 1258 aliud

115 1296 182 1358 sibi
203 1297 312 1358 volunt
329 1295 423 1357 verba
445 1288 564 1373 μύθους
581 1290 696 1376 γράψαι
719 1296 812 1356 simili
836 1297 967 1374 quadarn
989 1301 1140 1374 usurpata

114 1393 250 1470 ratione,
274 1411 335 1471 qua
358 1393 422 1453 Silo
446 1411 465 1453 a
488 1393 610 1472 Seneca,
632 1377 744 1458 masor.
767 1394 800 1454 H
821 1397 859 1454 19
884 1394 997 1454 dicitur
1020 1388 1140 1472 ‘panto-

114 1491 223 1551 mimis
250 1491 370 1552 iabnlas
399 1485 578 1569 scripsisse’3
609 1509 707 1569 neque
734 1481 828 1552 habet
855 1492 928 1552 haec
954 1511 1003 1552 res
1029 1511 1085 1569 per
1107 1511 1140 1552 se

112 1589 290 1668 quidquam
321 1589 503 1650 incredibile.
549 1607 620 1649 nam
652 1607 720 1648 oum
746 1593 855 1667 poetae
882 1590 1080 1651 Alexandrini
1107 1591 1141 1650 in

113 1687 288 1766 tragoediis
314 1688 478 1776 scribendis
501 1687 661 1748 recolenda
684 1687 894 1748 abstrusorum
916 1691 948 1748 et
969 1688 1138 1750 recondita-

114 1806 191 1847 rum
218 1785 393 1846 fabularum
420 1786 566 1846 memoria
588 1784 743 1844 doctrinae
766 1785 864 1864 magis
888 1804 979 1862 quam
1001 1786 1138 1863 poeticae

114 1883 246 1946 virtutis
274 1883 396 1944 laudem
419 1882 567 1960 aucupati
594 1873 663 1941 crim
690 1897 808 1942 summa
834 1883 985 1943 industria
1008 1877 1139 1961 μυθικὰς

113 1981 250 2060 caepae
277 1982 526 2060 conquisiverint,
558 2001 619 2042 non
650 1981 772 2043 videtur
804 1980 950 2042 absonum
983 2000 1048 2042 esse
1077 1982 1139 2042 iam

113 2085 189 2140 tum
210 2079 362 2139 hominem
385 2079 509 2139 doctum
530 2079 629 2156 poetis
653 2079 862 2156 suppeditasse
890 2080 988 2140 simile
1012 2079 1139 2158 aliquid,

112 2176 203 2256 qnod
226 2176 436 2254 suppeditasse
460 2177 571 2238 scimus
595 2176 734 2237 Cornelio
755 2171 844 2238 Gallo
862 2176 1061 2236 Parthenium
1083 2171 1139 2255 τὴν

112 2269 262 2352 ἄθροισιν
288 2276 348 2334 τῶν
375 2271 523 2353 ἐρωτικῶν
549 2268 737 2352 παθημάτων
766 2267 998 2352 ἀναλεξάμενοι,
1029 2275 1074 2334 ita
1102 2279 1139 2336 ut

114 2373 146 2434 ci
182 2371 290 2431 liceret
316 2372 393 2431 hanc
421 2371 463 2443 εἰς
488 2370 544 2450 irrep
568 2368 619 2432 καλ
645 2367 770 2452 ἐλεγείας
797 2365 927 2453 ἀνάγειν.
969 2372 1029 2432 huc
1060 2371 1140 2433 illud

114 2469 215 2531 otiam
238 2468 350 2546 rasere,
373 2469 455 2546 quod
474 2470 595 2530 Timoni
616 2469 776 2553 τραγῳδίαι
798 2471 847 2533 vel
871 2471 1029 2549 sexaginta
1053 2461 1138 2552 (ripoi-

113 2557 211 2647 ματα)
234 2559 357 2645 τραγικά
379 2567 595 2628 adscribuntur
618 2559 660 2649 (v.
684 2568 764 2628 inira
787 2589 815 2645 p.
837 2560 903 2650 24).

186 2664 233 2723 De
257 2664 391 2725 Tim0nis
420 2666 557 2726 studiis
584 2666 714 2744 denique
740 2666 814 2725 haec
837 2663 943 2726 scribit
964 2665 1138 2745 Antigonus

114 2761 279 2840 Carystius
302 2762 383 2839 apud
406 2763 439 2822 L.
463 2762 603 2823 D.-1·10:
630 2753 670 2841 ἦν
694 2758 726 2822 δέ
748 2760 803 2822 aul
821 2757 1017 2842 φιλοποιητὴς
1040 2756 1138 2846 (φιλο-

113 2854 220 2937 πότηςΙ
235 2850 322 2941 libri)
350 2857 400 2919 rui
426 2853 486 2920 ἀπὸ
513 2862 573 2921 τῶν
595 2853 772 2937 φιλοσόφων
799 2852 946 2938 ἐσχόλαζε,
974 2861 1028 2920 ubi
1056 2864 1138 2937 φιλο·

112 2949 244 3035 ποιητής
271 2957 494 3017 restituendum
517 2975 581 3018 esse
609 2957 684 3017 mihi
712 2961 743 3018 et
771 2957 844 3017 olim
871 2958 1009 3034 persuasi
1037 2977 1138 3017 asson·

113 3055 215 3116 tiente
247 3053 386 3131 Koeplrio
420 3047 470 3136 (de
495 3054 596 3129 Antip.
625 3055 694 3115 Cor.
721 3076 750 3132 p.
775 3045 833 3136 46)
866 3058 897 3115 et
928 3073 1008 3114 nuno
1041 3058 1138 3118 credo.

114 3171 250 3230 namque
273 3156 436 3229 postquam
459 3151 657 3228 Apollonides
685 3171 777 3229 quam
803 3152 979 3212 brevissime
1003 3153 1138 3215 Timonis

113 3252 216 3310 vitam
249 3251 281 3308 et
306 3249 515 3327 philosophiae
550 3250 652 3310 studia
679 3249 839 3328 descripsit
864 3251 926 3310 iam
952 3252 1139 3312 transiturus

115 3347 156 3408 ed
181 3346 249 3406 eius
268 3347 381 3424 scripta
399 3348 519 3425 poetica
536 3348 729 3425 potissimum
748 3348 952 3408 enumeranda
968 3350 1026 3410 hoo
1045 3369 1137 3410 enun-

114 3446 234 3508 tiatum
260 3445 456 3522 interposuit,
488 3464 547 3522 quo
571 3448 713 3504 narratur
736 3446 843 3506 Timon
865 3465 926 3506 non
950 3449 1049 3507 solum
1071 3448 1137 3526 phi·

115 3541 275 3622 losoplriae
308 3561 431 3618 operam
463 3541 580 3602 dedisse
612 3543 664 3602 sed
696 3543 789 3602 etiam
819 3547 925 3620 poetas
957 3529 1084 3604 amasse'
1107 3549 1138 3602 et

938 3641 976 3694 2*
