2544 3998
562 201 604 212 —
653 165 717 230 142
764 202 807 213 —
1064 189 1199 233 umoris

241 347 337 389 oouu.
360 329 527 390 Aristocles
549 330 682 408 maligne
706 330 788 407 opud
805 329 988 392 suaeuis.
1005 333 1045 391 27
1065 352 1095 409 p.
1111 325 1199 392 763b

174 430 278 486 umet
300 426 486 504 Pyrrhonem
509 429 660 503 seipsum
678 421 794 505 ἄτυφον
816 429 1001 489 nominasse:
1024 430 1107 506 quod
1130 449 1195 489 non

174 543 244 584 cum
265 524 416 585 Aristocle
439 525 635 603 interpretor,
666 527 718 586 sed
745 526 791 587 ite
816 530 853 587 ut
874 530 981 604 putem
1009 547 1080 588 eum
1103 528 1196 588 Anti-

174 622 309 683 sthenem
336 622 479 700 probasse
506 623 559 700 qui
581 616 635 702 τὴν
657 614 789 701 ἇτοφίαν
811 625 893 686 vitee
917 624 1008 685 linem
1031 626 1198 686 constituit

175 710 225 800 (fr.
244 721 300 779 inc.
315 719 376 778 VH
393 741 422 797 p.
438 721 479 780 48
499 713 703 804 wincheim).
739 723 820 782 inter
843 741 945 783 omnes
969 742 1040 784 vero
1064 728 1140 784 note
1164 729 1198 783 st

174 836 267 896 supra
285 809 328 899 (p.
346 809 402 899 15)
417 818 590 878 accuratius
607 822 741 882 tractate
760 824 807 880 est
825 821 1026 898 sceptioorum
1040 814 1195 899 ἀταραξία,

175 934 266 993 quern
288 915 427 993 Pyrrhon
454 935 514 976 non
540 917 638 976 solum
666 919 905 995 argumentando
930 918 1035 980 docuit
1058 919 1112 978 sed
1135 937 1196 980 usu

175 1013 268 1074 etiem
290 1013 456 1073 cottidiano
481 1013 702 1091 comprobavit:
725 1016 803 1076 hunc
821 1016 918 1094 igitur
935 1033 1016 1076 nuno
1034 1017 1195 1093 praedicet

174 1110 291 1169 Timon.
337 1111 429 1170 ceteri
465 1113 536 1172 vero
567 1111 742 1189 philosophi
778 1114 937 1191 agitantur
969 1118 1000 1174 et
1031 1114 1194 1174 affectibus

174 1199 342 1289 (παθέων),
366 1208 476 1285 quibus
499 1228 560 1269 uon
582 1209 722 1287 tangitur
745 1209 895 1286 scepticus
918 1209 1010 1290 ρῇστα
1028 1203 1101 1288 μεθ’
1123 1203 1196 1289 ἡσυ-

173 1304 238 1383 χίης
258 1300 263 1382 Ι
287 1301 343 1365 uisi
357 1302 408 1363 καί
426 1299 627 1383 ἀφροντίστως
644 1302 695 1365 καί
712 1299 859 1384 ἀκινήτως
876 1301 950 1367 κατὰ
968 1300 1060 1369 reieci
1077 1308 1195 1386 vivens,
1263 1291 1264 1334 3

174 1406 206 1462 et
228 1402 343 1481 glories
367 1394 487 1485 (δόξης)
511 1404 691 1483 cupiditate,
720 1423 781 1482 que
808 1423 923 1466 vecuus
951 1409 998 1465 est
1019 1405 1101 1465 idem
1126 1425 1197 1465 cum

173 1491 304 1584 ἀτυφίαν
314 1504 424 1580 servet,
439 1506 470 1562 et
479 1502 708 1562 inconsideratis
722 1503 844 1579 placitis
855 1494 1196 1586 (είναίηςνομοθήκης),

174 1616 253 1675 ques
275 1618 398 1676 prorsus
421 1600 504 1678 fugit
526 1601 689 1678 scepticae,
718 1601 772 1678 qui
793 1600 937 1678 reprobet
959 1601 1076 1678 pariter
1098 1605 1195 1678 atque

174 1694 365 1757 Democritus
380 1699 481 1758 omniu
495 1698 594 1758 solum
607 1692 690 1780 νόμω
705 1698 875 1759 constitute
888 1689 930 1778 (v.
945 1697 1056 1777 Hir-rel,
1077 1698 1195 1758 Παίονα

173 1812 211 1856 σα
234 1795 291 1855 otc.
311 1795 359 1854 111
380 1816 409 1874 p.
431 1798 470 1856 11
491 1796 559 1856 adn.
581 1787 615 1877 1)
645 1800 676 1856 et
702 1789 836 1872 ἀφασίαν
862 1798 947 1856 tenet
974 1788 1015 1874 μὴ
1038 1792 1195 1875 προσέχων

175 1890 268 1964 ὃίνοις
290 1884 441 1972 ἡδνλόγον
464 1892 573 1970 σοφίης
596 1884 679 1974 (vide
703 1912 809 1953 comm.
834 1893 872 1953 ed
895 1893 931 1952 fr.
953 1885 1141 1974 XXXVIII).

240 1989 380 2066 Dictipne
404 1984 516 2067 ίίφατοί
531 2011 561 2050 τε
580 1990 672 2067 φατοί
686 2012 716 2051 τε
739 1983 781 2072 (v.
799 1983 834 2073 2)
857 1991 931 2052 item
953 1996 1046 2069 etque
1070 1991 1103 2050 in
1121 2012 1194 2069 pro·

175 2086 272 2148 oemio
288 2087 447 2166 Hesiodeo,
467 2108 502 2149 ex
521 2108 581 2166 quo
600 2089 731 2165 repetite
749 2093 804 2168 est,
824 2089 1035 2167 significentur
1052 2089 1194 2150 homines
1264 2165 1265 2174 ρ

174 2187 249 2246 cleri
268 2186 401 2263 obscuri3
425 2186 508 2264 quod
525 2187 674 2247 mehercle
692 2206 752 2246 non
770 2206 938 2264 monerem,
956 2187 1016 2246 nisi
1034 2187 1082 2248 vir
1100 2188 1194 2265 longe

174 2284 366 2345 doctissimus
380 2303 477 2362 nuper
490 2284 660 2361 scripsisset
675 2285 767 2360 plene
781 2283 971 2344 incredibilis
983 2283 1071 2342 haec:
1091 2276 1196 2360 “ἅφα-
1264 2347 1265 2352 ,

173 2405 218 2444 τοι
250 2382 313 2443 und
341 2382 431 2460 φατοί
455 2404 485 2442 τε
516 2383 557 2442 ist
589 2383 638 2442 ein
671 2382 755 2460 Spiel
787 2382 844 2444 mit
875 2382 943 2441 dem
975 2379 1196 2441 Homerischen
1264 2383 1265 2400 ¹

165 2475 253 2559 ’Ἁρητ
273 2479 375 2557 φατοί,
399 2473 460 2539 ‘ilie
483 2479 629 2540 lebenden
652 2481 715 2540 und
738 2480 786 2538 die
808 2478 914 2539 todten
937 2478 991 2538 der
1008 2478 1195 2538 sterblichen

174 2571 312 2654 Volker'3
336 2576 384 2636 die
409 2575 502 2636 Scene
525 2577 566 2635 ist
585 2577 684 2652 jaim
707 2569 849 2637 Hedes''t

241 2673 383 2734 Ceterum
401 2677 438 2734 ut
454 2677 551 2733 metro
571 2674 646 2733 setis
665 2673 751 2733 fieret
768 2693 823 2751 pro
843 2667 1002 2752 νομόθεσις
1020 2672 1128 2732 fictum
1148 2677 1196 2733 est

175 2766 349 2851 νομοθήκη,
370 2776 408 2831 ut
430 2771 552 2848 scripsit
569 2770 737 2849 Lucienus,
760 2772 830 2831 hist.
854 2789 966 2832 consor.
986 2773 1027 2831 46
1053 2765 1196 2849 συνθήκη

174 2871 233 2931 τῶν
256 2863 411 2949 ὀνομάτων
433 2889 488 2947 pro
512 2863 653 2940 σύνθεσις
673 2890 697 2930 τ.
721 2861 746 2929 ὀ.

615 3304 746 3362 XXXHI

220 3439 363 3525 σχέτλιοι
387 3437 581 3527 ἄνθρωποι,
604 3437 678 3508 κάκ’
705 3439 853 3525 ἐλέγχεα,
876 3437 1033 3525 γάστερες
1057 3433 1150 3524 οίον,

218 3549 325 3614 ποίων
349 3549 385 3613 ἔκ
407 3542 435 3614 τ’
462 3548 584 3634 ἐρίδων
609 3550 645 3612 ἔκ
667 3572 702 3614 τε
726 3546 900 3630 στοναχῶν
923 3544 1106 3613 inimicicie.
