2542 3996
542 199 585 208 —
634 162 696 227 178
742 198 786 207 -
1046 182 1178 224 rmoms

159 331 203 390 IV
228 321 294 409 13).
335 328 446 388 similia
469 345 542 387 sano
564 327 626 386 iam
648 325 834 386 Timocrates
857 311 1000 402 apostata
1024 326 1179 404 excogita-

160 431 247 490 verat
277 426 330 504 qui
357 443 393 486 eo
415 443 512 502 usque
540 423 746 500 impudentias
773 426 962 500 processerat
988 427 1026 483 ut
1052 427 1179 484 conten-

161 526 246 586 deret
269 517 360 584 αὐτὸν
384 521 430 595 λλς
447 524 500 601 τῆς
517 515 627 602 ἡμέρας
646 520 725 600 ἐμεῖν
743 513 804 581 cirri
821 522 938 598 τρυφῆς
956 513 1071 603 (Laert.
1086 520 1115 580 X
1132 512 1180 602 6),

161 641 252 701 quem
275 621 373 681 secuti
395 623 467 680 sunt
488 619 593 697 multi,
616 620 696 679 inter
714 637 765 679 eos
781 617 958 679 Athenaeus
977 619 997 676 l.
1017 637 1039 678 s.
1058 637 1080 678 s.
1100 609 1181 700 (Vn

160 741 189 797 p.
209 711 311 800 νου).

622 946 709 1005 LVII

81 1070 88 1079 '
205 1068 338 1136 πολλῶν
362 1063 576 1132 λασιιεδόνιον
600 1060 822 1151 λυμιλντομες,
846 1063 1070 1130 ἐλπιὸολωιοιλ

229 1251 316 1294 rnsr.
354 1232 485 1291 Sextus
508 1230 640 1308 Empir.
660 1230 726 1292 adv.
747 1230 845 1309 dogm.
863 1231 893 1289 V
915 1233 975 1292 171
1001 1229 1035 1290 αλ
1056 1223 1094 1309 δὴ
1121 1251 1180 1291 τοι·

162 1333 248 1392 αὗται
278 1322 452 1407 ὑποσχέσεις
483 1319 663 1410 (stoicorum
691 1329 797 1406 quales
825 1331 898 1388 sunt
925 1322 1017 1406 μόνος
1044 1321 1061 1389 ὁ
1086 1321 1183 1405 σοφός

163 1425 222 1488 ἐστι
248 1420 403 1502 πλούσιος,
431 1419 523 1504 μόνος
551 1417 568 1487 ὁ
592 1420 687 1503 σοφός
716 1423 775 1486 ἐστι
801 1419 904 1506 καλός)
931 1420 1099 1504 θηρεύουσι
1128 1421 1182 1504 μὲν

163 1519 232 1597 τοὺς
254 1521 342 1597 νέους
365 1521 461 1584 ἐλπίσι
482 1528 627 1603 ψυχραῖς,
650 1517 748 1584 crinin
770 1519 804 1583 cl
827 1522 901 1584 εἰσιν
923 1516 1054 1602 σἰληθεῖς.
1101 1517 1182 1600 crocci

162 1619 213 1683 aci
236 1615 252 1684 ὃ
278 1621 379 1700 Τίμων
401 1614 448 1682 tsi
470 1616 524 1699 μὲν
550 1614 620 1693 τοὺς
643 1618 912 1701 ἐπαγγελλομένους
934 1614 989 1700 τὴν
1011 1614 1183 1699 παράδοσιν

165 1715 263 1782 αὐτῶν
286 1713 460 1780 ἐπισκώπτει
482 1715 587 1798 λέγων·
612 1720 750 1778 «πολλῶν
771 1750 811 1762 -
831 1715 1052 1780 traslatores».

235 1849 416 1908 λασκειλόνων
432 1851 542 1921 scripsi:
561 1848 725 1906 λοιιιιιλὸνων
745 1850 810 1906 libri
826 1847 1037 1922 1ἐλιιιδολοιτυί
1051 1853 1183 1908 Mainake

163 1941 262 2012 philol.
277 1941 329 1995 XV
347 1959 376 2011 p.
390 1945 456 1995 aasz
477 1935 648 1995 ἐπιὸολωτοιί
659 1940 700 2008 G,
719 1936 886 1996 incolorat
902 1941 968 2010 0133
987 1939 1186 1998 αλπνιλολοοταλ

163 2029 321 2097 Fabricium
337 2025 525 2083 ἐλπισοιλόπαι
539 2029 607 2084 olim
623 2029 731 2085 Vsenar
745 2029 821 2098 (coll.
835 2025 1026 2098 ἐλπισοιλολτην
1040 2031 1071 2085 in
1084 2031 1183 2102 hymn.

164 2117 259 2189 Apoll.
277 2137 303 2174 v.
319 2123 340 2174 t
359 2135 404 2188 ap.
425 2116 544 2174 Bronok
563 2118 638 2174 anal.
656 2118 683 2172 11
701 2136 728 2188 p.
749 2122 811 2188 518)

232 2287 328 2330 conns.
352 2260 537 2328 Λακεδόνων
554 2270 680 2346 propter
700 2268 832 2328 doricam
844 2269 975 2328 formam
988 2269 1185 2330 intolerabile

166 2385 230 2427 esse
244 2367 398 2427 intellexit
411 2366 580 2426 Meinekius
600 2367 653 2443 qui
671 2367 842 2444 graviorem
856 2369 1062 2444 corruptelam
1076 2369 1186 2429 odora·

164 2469 215 2524 tus
239 2467 293 2524 ost.
333 2464 408 2522 mihi
431 2464 597 2540 simplicius
622 2467 653 2523 et
670 2464 859 2541 probabilius
882 2465 983 2527 visum
1001 2470 1048 2526 est
1071 2467 1186 2527 substi-

165 2565 252 2620 tuere
271 2555 470 2636 λοισιιεδόνων,
489 2560 607 2639 quoda
626 2554 723 2621 λάσκω
742 2561 787 2622 ita
805 2563 976 2624 derivatum
992 2566 1029 2622 ot
1043 2557 1187 2640 ληθεδοέν

166 2677 185 2718 a
202 2651 303 2736 λήθω,
326 2652 458 2734 spurcicia
477 2677 495 2717 a
513 2652 607 2736 τήκω,
630 2651 770 2738 ἀλγηδών
788 2659 826 2718 ab
845 2653 954 2740 ἆλγέω,
978 2653 1126 2739 ἀχθηδών
1147 2661 1186 2720 ab

166 2749 280 2834 ἆχθέοι,
313 2755 374 2814 alia
407 2754 489 2815 haud
519 2773 618 2832 pauca
650 2775 728 2833 qnae
761 2758 914 2836 congessit
940 2758 1113 2819 Lobeokius
1148 2759 1187 2819 ad
1263 2773 1264 2841 l

166 2852 347 2914 Buttmamni
369 2871 494 2930 gramm.
520 2852 569 2913 Gr.
594 2855 683 2930 ampl.
706 2847 755 2912 ΠΞ
777 2875 806 2931 p.
828 2857 908 2933 407·
936 2855 1088 2934 significat
1111 2876 1184 2918 vero
1263 2849 1264 2910 ἕ

166 2952 286 3027 publice
310 2970 329 3011 a
353 2950 457 3012 stoicis
484 2953 619 3029 prolatas
648 2951 882 3013 declamationes
906 2956 937 3012 et
959 2954 1184 3034 promissiones
1263 2991 1264 3034 3

168 3048 204 3106 de
228 3048 339 3127 quibus
358 3052 449 3109 antea
468 3048 545 3109 dixit
564 3048 681 3110 Sextus.
715 3051 771 3110 hae
795 3069 865 3112 oum
884 3070 986 3114 onmes
1005 3053 1045 3112 ad
1063 3053 1186 3115 irritum

167 3146 396 3225 rediganturs
383 3146 471 3206 stoici
494 3165 598 3207 earum
620 3140 830 3226 λομοινιορες
822 3168 841 3207 ι
861 3168 886 3208 e.
906 3167 1060 3211 eversores
1081 3152 1185 3213 dicun·
1263 3179 1264 3212 ι

169 3247 221 3302 tur
221 3244 325 3322 qood
338 3263 432 3304 mmor
441 3244 716 3305 Z1mmormannum
724 3264 825 3323 progr
835 3246 960 3326 llrlang.
969 3269 998 3326 p.
1007 3250 1185 3330 23fugisss.
1263 3299 1264 3306 ,

167 3336 361 3401 ἐλπιδολιιιαί
381 3359 453 3403 vero
475 3361 530 3418 pro
554 3338 785 3404 ἐλπιὸοδολωιαέ
804 3343 856 3405 fiot
842 3348 910 3405 tum
933 3349 979 3406 est
1002 3365 1040 3406 ox
1057 3367 1185 3411 numero
1263 3413 1264 3416 ,

168 3454 274 3497 eorum
300 3439 551 3519 compositorum,
582 3459 659 3518 quas
687 3443 833 3503 tractavit
859 3442 1028 3505 Lobeckius
1056 3448 1185 3526 paralip.

73 3573 74 3578 κ
168 3552 212 3610 gr.
236 3532 286 3595 Gr.
310 3535 326 3594 I
347 3557 376 3612 p.
401 3538 442 3597 43
459 3554 502 3615 sq.

570 3660 782 3668 -Ἣ
