2548 4004
467 191 598 284 ...35
644 227 686 238 ..

91 354 175 431 ganda
194 375 229 415 ex
251 357 294 416 eis
318 355 411 416 etiam
434 356 572 416 ciliorum
595 355 742 434 quosdam
765 356 847 417 locos
869 349 919 439 (fr.
936 351 1083 441 32-35)

90 453 220 528 protraxit
226 446 260 536 ¹).
290 457 362 531 post
374 453 541 532 Diogenem
554 471 625 515 vero
639 457 762 532 praeter
776 455 904 515 Zenonis
918 445 1084 534 cipporepo-

91 541 205 628 ylciccoo
225 555 257 611 et
274 551 411 611 Platonis
434 554 717 631 τιμαιογραφοῦντος
734 552 876 611 notitiam
900 555 997 613 omnis
1020 555 1083 614 fere

91 647 208 708 sillorum
229 648 376 709 memoria
398 647 576 708 oblitterata
597 652 651 709 est.
876 719 878 722 ¹

143 744 327 806 collectae
359 751 431 806 sunt
460 747 599 806 sillorum
625 745 772 824 reliquiae
799 747 897 824 primo
925 747 964 810 ab
992 749 1082 809 Henr.
1137 801 1140 808 .

90 841 238 922 Stephano,
262 845 316 922 qui
338 862 407 903 cum
421 837 551 922 Ὁμήρου
568 840 618 903 aab
630 837 775 906 Ἡσιόδου
794 838 952 925 &716me
972 837 1082 926 (Paris.

90 932 175 1022 1573)
195 961 224 1018 p.
246 943 420 1002 126-128
453 959 562 1002 novem
588 944 709 1001 tantum
735 941 881 1020 reliquias
910 943 1083 1019 complexus

89 1041 161 1115 esset,
177 1057 246 1098 mox
264 1039 296 1098 in
315 1032 414 1098 ‘Poesi
432 1031 653 1116 philosophica'
668 1030 776 1119 (Paris.
793 1030 893 1121 1573)
907 1059 935 1116 p.
953 1041 1081 1100 60-71

88 1133 308 1213 fragmentorum
340 1156 499 1196 numerum
525 1135 615 1196 valde
645 1134 732 1194 auxit
763 1135 940 1214 addiditque
962 1137 1084 1213 Iosephi

89 1229 216 1311 Scaligeri
230 1235 427 1294 coniecturas.
450 1233 519 1293 inde
537 1233 675 1293 sillorum
689 1233 861 1311 fragmenta
874 1251 983 1311 parum
997 1252 1084 1294 accu-

88 1333 141 1389 rate
160 1331 332 1391 excudenda
354 1332 473 1410 curarit
494 1331 571 1390 nihil
594 1331 631 1389 de
654 1349 709 1390 suo
733 1330 844 1391 addens
863 1330 974 1391 Daniel
991 1331 1084 1391 Hein-

88 1427 147 1504 sius,
159 1428 210 1505 qui
221 1428 345 1490 Horatii
359 1428 542 1500 editionibus
555 1427 762 1506 compluribus
777 1429 921 1488 adnexuit
938 1421 1084 1510 (primum

87 1523 194 1600 siquae
212 1545 238 1586 a.
255 1528 340 1586 1612
358 1518 496 1608 prodiit).
533 1525 640 1586 deinde
659 1526 724 1605 egit
741 1525 778 1585 de
798 1526 922 1585 Timone
944 1525 1083 1604 sillogra-

86 1620 138 1694 pho
160 1621 196 1682 Is.
218 1623 267 1683 Fr.
290 1623 560 1701 Langheimicbius
588 1621 852 1684 dissertationibus
879 1622 978 1683 tribus
1001 1623 1082 1700 Lips.

88 1721 273 1780 17111721.
287 1723 381 1798 1723,
405 1721 458 1797 qui
480 1721 616 1781 collectis
634 1720 772 1797 reliquiis
791 1721 953 1779 nonnullas
974 1721 1083 1796 priori-

86 1813 133 1874 bus
148 1817 315 1897 incognitas
333 1818 444 1878 adiecit
461 1819 657 1896 singulasque
676 1818 771 1877 latine
793 1817 1011 1893 interpretatus
1035 1837 1083 1877 ex·

86 1912 195 1987 plicavit
211 1915 288 1976 fusis
308 1916 544 1994 commentorum
566 1935 627 1975 non
645 1917 747 1974 tamen
770 1914 810 1973 ad
831 1913 920 1973 finem
942 1915 1084 1990 perduxit

86 2015 218 2088 coeptum.
249 2017 317 2073 tum
335 2012 473 2073 sillorum
491 2013 662 2090 fragmenta
680 2011 818 2071 auctiora
835 2015 866 2070 et
878 2013 1084 2073 emendatiora

85 2111 228 2186 proposuit
236 2109 409 2170 Brunokius
419 2105 518 2170 ‘Anel
528 2114 621 2171 veter.
630 2113 710 2186 poet.
721 2103 784 2168 Gr?
795 2099 971 2189 (Argentor.
983 2102 1083 2190 1785)

85 2209 142 2264 tom
155 2207 186 2266 11
198 2227 228 2284 p.
242 2208 373 2267 67-78
390 2207 558 2268 5511555115
572 2207 677 2284 paucis
692 2204 938 2266 adnotationibus
953 2207 1082 2266 intumo

85 2301 306 2382 5111555139.
334 2304 463 2383 denique
476 2305 651 2368 F.,Paulius
671 2302 766 2363 edidit
783 2301 922 2361 libellum
941 2297 989 2362 ‘de
1006 2302 1083 2363 sillis

86 2393 264 2461 Graecornm'
278 2393 427 2482 (Berolini
440 2394 550 2485 1821),
565 2422 624 2480 quo
638 2404 709 2479 post
721 2400 940 2478 praefationem
955 2398 991 2459 de
1006 2399 1083 2460 sillis

84 2498 291 2576 praecipueque
313 2499 351 2558 de
372 2499 468 2572 σίλλος
491 2501 573 2561 vocis
600 2499 701 2558 radice
725 2498 900 2558 institutam
922 2499 1084 2574 paululum

85 2593 136 2668 egit
165 2596 365 2656 de·'I¹imonis
397 2597 489 2662 sillis.
506 2597 675 2673 adiecitque
707 2595 866 2673 reliquias,
901 2596 953 2655 sed
985 2614 1083 2672 neque

34 2701 35 2708 ’
86 2705 171 2752 omnes
190 2693 316 2770 collegit
332 2712 431 2771 neque
449 2697 559 2756 cuncta
578 2694 768 2772 singularum
786 2693 961 2753 testimonia
975 2693 1083 2752 attulit

85 2801 166 2864 neque
184 2791 217 2850 in
234 2791 455 2867 pertractandis
476 2791 518 2850 eis
537 2809 658 2868 operam
675 2809 787 2867 ponere
805 2790 913 2851 voluit.

137 2885 191 2947 His
215 2887 341 2947 accessit
363 2906 389 2947 a.
407 2890 490 2948 1859
515 2888 779 2965 disputatiuncula
801 2906 869 2948 mea
891 2881 939 2946 ‘de
958 2887 1083 2946 'limone

85 2975 202 3044 Phlieeio
226 2985 394 3063 ceterisque
417 2986 611 3064 sillographis
635 2978 779 3062 Graecis,
807 3002 876 3044 cum
902 2983 977 3042 mihi
1003 2983 1083 3042 Bon·

85 3081 168 3140 nensis
193 3081 418 3160 philologomm
446 3083 599 3143 seminarii
622 3083 732 3142 seniori
754 3099 863 3140 munus
885 3078 1083 3140 honorificem·
1203 3137 1211 3154 ,

85 3171 220 3238 tissimum
243 3178 457 3240 demandatum
480 3184 559 3240 esset
582 3199 601 3239 a
623 3178 791 3256 sodalibus,
815 3182 851 3238 51
873 3178 938 3239 viro
961 3177 1083 3238 immor·

85 3270 143 3332 tuis
162 3277 325 3337 memoriae
346 3277 498 3340 Friderico
521 3277 688 3353 Theophilo
712 3275 885 3355 Wnnonnn,
910 3276 1084 3336 litterarum

86 3369 265 3448 Reliquorum
282 3373 382 3435 decori
400 3379 432 3436 et
449 3374 602 3451 columini,
620 3370 810 3449 praeceptori
829 3375 932 3432 nostro
951 3372 1083 3432 dilectis·

88 3497 284 3520 h

146 3579 169 3644 1)
187 3577 283 3634 omnia
300 3577 376 3647 apud
393 3575 545 3632 Eusebium
559 3593 658 3648 praep.
676 3591 714 3632 eo.
733 3576 882 3646 descripta.
908 3661 924 3694 ⁸

886 3669 902 3716 3
