2542 3996
544 211 586 221 -
635 176 698 240 152
745 213 787 222 -
1046 203 1173 248 nmoms

156 346 334 419 corruptum
360 340 487 402 tertium
513 358 635 402 versum
662 341 821 401 emendare
850 346 882 402 et
910 345 1052 421 supplere
1075 347 1183 408 conati

156 445 236 502 sunt.
274 438 453 500 sumendum
476 439 556 498 enim
578 456 659 498 nunc
682 441 737 515 est
760 437 820 498 duo
846 439 930 501 Sexti
947 441 1040 502 verba
1058 445 1183 522 reliqua

156 529 278 615 ἀπαθῆ,
306 519 506 615 ἀμετάβλητον
533 536 682 613 explicare
707 536 840 596 Timonis
871 539 1029 616 epitheton
1057 533 1179 620 ἀσκηθῆ

157 640 188 696 et
211 634 360 715 quidquid
382 635 492 693 lacuna
516 634 662 694 haustum
685 636 738 694 est.
784 653 882 712 neque
906 635 1042 698 dubitari
1065 643 1179 717 potest,

156 734 231 812 quin
253 733 337 793 Sexti
359 724 465 809 ἀπαθῆ
489 735 605 809 spectet
627 731 666 792 ad
688 730 815 792 verbum
836 731 1032 795 Homericum
1054 729 1178 815 ἀσκηθῆ

156 850 174 890 a
189 832 314 892 Timone
328 834 519 908 usurpatum,
536 848 605 890 cum
619 829 798 907 praesertim
811 850 899 892 nemo
912 836 1035 908 praeter
1050 833 1177 895 Sextum

155 928 211 989 hoo
240 921 346 1006 ἀπαθῆ
369 925 461 988 verbo
484 930 593 988 utatur
615 927 655 987 ad
676 927 870 1004 Xenophanis
893 929 984 989 deum
1006 931 1179 992 describen-

155 1026 236 1106 dum,
255 1027 319 1104 ipse
338 1045 409 1088 vero
429 1025 510 1085 idem
527 1026 619 1085 iteret
636 1025 742 1103 Pyrrln
761 1025 865 1103 hypot.
880 1027 927 1086 111
942 1029 1006 1087 218
1027 1019 1178 1110 (σφαῖραν

156 1116 286 1206 ἀπαθῆ).
320 1124 374 1184 aed
396 1122 502 1201 quaeri
524 1141 596 1183 sane
615 1126 718 1200 potest
735 1125 840 1182 unum
858 1143 937 1186 novo
957 1125 1093 1186 Timonis
1113 1127 1180 1186 cui-

157 1222 227 1282 dam
246 1221 389 1299 epitheto,
408 1221 495 1280 velut
513 1211 651 1298 μόνιμον,
662 1221 851 1298 'respondeat
866 1222 950 1282 Sexti
963 1215 1178 1303 ἀμετάβλητον,

156 1337 195 1378 an
228 1317 378 1396 generalis
411 1317 510 1378 solum
542 1317 692 1394 quaedam
721 1319 819 1397 notio,
851 1322 939 1381 velut
965 1312 1103 1399 πάμπαν,
1139 1323 1181 1382 ad

157 1409 277 1492 ἀσκηθῆ
297 1415 415 1474 adiecto
438 1414 533 1476 liserit
550 1433 569 1474 a
586 1418 678 1492 poeta
696 1419 728 1475 et
747 1414 856 1476 Sextus
874 1417 973 1478 rarius
990 1417 1181 1480 vocabulum

156 1505 277 1590 ἀσκηθῆ
292 1511 411 1573 duobus
426 1513 584 1574 allectivis
593 1507 699 1591 ἀπαθῆ
710 1516 741 1572 et
749 1506 950 1592 ἀμετάβλητον
958 1517 1181 1593 interpretatus

156 1610 204 1671 sit.
238 1609 351 1671 similes
369 1611 466 1688 igitur
484 1630 589 1671 aarum
608 1629 683 1688 quas
702 1629 782 1670 nunc
801 1611 971 1690 significavi
984 1615 1181 1676 coniecturae

157 1709 261 1787 alique
280 1726 350 1768 cum
367 1708 592 1786 probabilitate,
615 1708 744 1769 fortasse
764 1709 856 1768 etiam
876 1711 989 1770 maiore
1008 1713 1180 1790 excogitem

158 1810 286 1883 possunt
308 1807 424 1883 plures3
449 1807 500 1867 sed
524 1825 602 1884 quae
624 1806 657 1866 in
679 1807 741 1866 alia
763 1805 875 1872 abeant
897 1808 989 1868 reicio
1014 1829 1125 1870 omnes.

224 1903 365 1963 Ceterum
387 1906 508 1980 praeter
530 1904 636 1963 laudes
658 1907 745 1980 patet
768 1905 861 1964 etiam
883 1905 1053 1967 irrisionem
1076 1908 1178 1968 Xeno·

155 2000 264 2077 phanis
282 2000 329 2060 his
348 2001 485 2062 versibus
504 2002 601 2062 inesse
622 2021 748 2079 eamque
765 2002 798 2061 in
817 2021 851 2062 eo
871 2005 1072 2083 conspicuam,
1094 2009 1182 2084 quod

155 2097 353 2174 philosophus
378 2099 431 2177 qui
448 2098 574 2160 Homeri
595 2098 780 2176 Hesiodique
803 2099 840 2160 de
863 2100 910 2161 dis
933 2107 1104 2163 commenta
1128 2124 1181 2166 ex·

156 2196 320 2274 agitaverit
346 2197 411 2273 ipse
440 2215 553 2258 novum
580 2197 671 2256 deum
698 2196 881 2278 δογματικῶς
903 2198 1036 2278 finxerit,
1063 2201 1180 2263 idcirco

154 2293 348 2368 potissimum
370 2313 431 2354 non
453 2312 577 2371 prorsus
600 2288 722 2371 ἀτνφος.

554 2469 768 2480 ——w—

600 2595 727 2656 XXXXI

200 2703 272 2776 ἀλλ’
292 2705 333 2775 οὔ
352 2734 410 2795 μοι
427 2708 557 2778 τούτων
577 2711 754 2798 φλεδόνων
773 2715 876 2801 μέλει·
895 2711 976 2784 οὐδὲ
990 2713 1055 2803 γὰρ
1071 2715 1180 2787 ἀλλον

200 2811 351 2900 οὐδενός,
370 2811 412 2883 οὐ
430 2820 607 2898 Φαίδωνος
626 2815 701 2898 ὅπις
719 2821 759 2906 με’
773 2823 878 2908 mg),
898 2818 976 2890 οὐδ’
994 2822 1178 2909 ἐριδάντεω
1264 2855 1265 2874 ¹

199 2919 401 3007 Εὐκλείδεω,
424 2927 642 3009 Μεγαρεῦσιν
667 2919 704 3004 ὃς
728 2929 849 3012 ἔμβαλε
872 2926 1001 2996 λύσσαν
1024 2931 1177 3018 ἐρισμοῦ.
1264 3023 1265 3034 ¹

453 3107 573 3150 Hosmm
595 3109 735 3152 maroam
758 3109 876 3155 VEBSVS

153 3195 184 3250 in
201 3213 227 3251 v.
248 3201 277 3250 1:
297 3199 318 3248 Z
337 3199 390 3250 4⁶0
412 3190 474 3250 ἀλλ’
495 3191 529 3251 οὔ
548 3216 596 3266 μοι
617 3197 721 3267 Τρώων
740 3199 842 3256 τόσσον
861 3199 939 3272 μέλει
957 3198 1044 3274 ἀλμοε
1061 3209 1119 3261 κτλ

231 3303 233 3312 ¹
298 3284 312 3349 ξ
332 3288 385 3338 510
402 3285 441 3356 τῷ
462 3279 525 3374 οὔτ’
547 3281 670 3356 ἐσθῆτος
689 3285 825 3357 δευήσεαι
844 3285 909 3350 οὔτε
929 3309 978 3350 τεν
998 3289 1086 3350 ἀλλον

222 3467 307 3510 nass.
327 3450 514 3512 ·Laertius
546 3453 649 3534 Diog.
673 3455 704 3514 H
736 3459 798 3518 107
832 3463 895 3532 ταῖς
927 3481 956 3520 τε
988 3453 1177 3537 ἀποδείξεσιν

155 3544 285 3607 ἐνίστατο
309 3537 482 3631 (Euclides)
507 3543 544 3610 οά
567 3545 640 3612 κατά
664 3546 807 3632 λήμματα,
830 3547 903 3614 ἀλλά
926 3550 990 3616 κατ’
1016 3555 1176 3642 ἐπιφοράν.
