2544 3998
530 208 571 216 -
621 170 685 236 132
730 208 773 216 -
1035 194 1165 236 unionis

145 335 255 413 obstat,
281 335 442 412 quominus
464 334 509 394 ita
532 339 716 412 statuamus3
742 353 796 394 nec
819 336 954 395 multum
975 336 1060 396 valet
1083 337 1168 413 quod

144 435 316 495 Boeokhius
334 434 464 495 Philola
481 455 510 511 p.
526 437 566 494 21
588 433 689 510 obicit,
709 451 727 491 a
746 433 872 493 Timone
890 452 954 494 rem
972 437 1037 494 tam
1055 434 1169 496 leviter

145 535 260 592 tactam
285 551 349 593 esse
372 536 409 592 ut
431 552 492 593 non
514 531 611 610 possit
632 531 772 612 intellegi
791 531 851 590 nisi
868 531 992 592 aliunde
1010 531 1080 608 quis
1099 550 1169 592 eam

147 629 209 691 iam
231 630 358 692 noverit.
401 647 473 689 nam
495 634 526 691 et
548 630 709 709 ignoratur
732 647 883 707 quaenam
904 629 1004 690 tribus
1025 629 1169 690 versibus

146 727 298 789 Timoneis
317 730 367 791 vel
385 728 603 789 antecesserint
625 727 675 788 vel
698 745 749 787 eos
768 729 873 787 secuta
890 727 961 804 sint,
980 731 1011 788 et
1029 727 1169 804 apprime

146 827 288 904 congruit
310 845 380 886 cum
402 825 561 903 Hermippi
586 824 746 885 fabulandi
772 843 867 902 more,
895 825 921 883 si
949 827 1068 884 statuas
1097 845 1170 884 eum

148 923 282 984 Timonis
312 923 538 984 cavillationem
565 942 634 983 cum
661 922 890 982 narratiuncula
918 923 1015 982 altera
1042 922 1170 982 aliunde

144 1024 218 1082 nota
242 1022 387 1081 conflasse
411 1025 442 1082 ot
465 1021 637 1081 accuratius
661 1021 845 1097 explanasse.

212 1118 316 1178 Secuti
344 1122 416 1179 sunt
444 1119 639 1196 recentiores,
667 1119 721 1195 qui
749 1118 885 1180 Timonis
912 1135 1017 1179 versus
1044 1137 1106 1178 non
1129 1119 1172 1178 ad

147 1216 322 1276 Philolaum
349 1217 497 1276 referrent
524 1216 576 1276 sed
603 1216 642 1275 ad
666 1203 783 1276 Timaei
804 1216 893 1276 Locri
916 1216 1110 1294 suppositum
1132 1218 1172 1276 li·

146 1313 263 1374 bellum
294 1311 361 1392 crept
393 1317 493 1394 ψυχᾶς
523 1307 637 1392 κόσμου
665 1311 716 1373 aul
743 1307 852 1390 φύσιος
879 1305 922 1394 (v.
946 1332 1038 1391 supra
1066 1314 1173 1392 posita

147 1410 322 1470 testimonia
344 1411 517 1489 Iamblichi,
539 1411 647 1488 Pnocli,
671 1411 855 1472 scholiorum
878 1415 910 1471 et
930 1412 1173 1490 prolegomenou

147 1507 390 1586 Platonicorum3
414 1509 525 1588 quibus
544 1509 660 1570 accedit
679 1509 838 1587 synesius,
855 1509 893 1568 de
911 1508 990 1570 dono
1010 1510 1174 1570 astrolabii

146 1627 175 1682 p.
196 1607 259 1666 308
282 1607 326 1667 od.
345 1607 459 1687 Petam,
484 1608 537 1686 qui
561 1610 664 1667 tamen
683 1607 840 1667 Timonem
860 1625 920 1668 non
938 1599 1074 1689 laudat),
1099 1609 1175 1668 falsi

147 1704 195 1763 illi
221 1706 330 1781 procul
357 1705 463 1783 dubio,
491 1724 560 1765 cum
587 1705 646 1764 iste
674 1704 797 1764 libellus
820 1705 900 1764 inter
921 1705 1175 1784 neopythagorea

147 1802 262 1882 scripta
290 1803 361 1863 inde
389 1823 407 1863 a
433 1804 531 1881 primo
556 1822 581 1862 a.
606 1800 674 1862 om.
698 1803 819 1862 saeculo
843 1803 1041 1864 scaturientia
1064 1823 1174 1864 nume·

146 1899 260 1960 raudus
285 1901 325 1960 sit
348 1920 446 1979 neque
466 1904 536 1961 ante
554 1900 783 1978 Nicomachum,
804 1900 899 1960 barm.
918 1900 934 1959 I
954 1902 995 1961 24
1015 1903 1047 1961 et
1065 1898 1176 1980 Clam,

151 1998 253 2056 strom.
276 1993 306 2052 V
327 2017 357 2073 p.
382 1991 466 2057 604Β
491 2001 750 2058 commemoretur.

214 2092 294 2167 Vtut
327 2098 386 2172 est,
418 2094 592 2155 Platonem·
610 2095 839 2174 Pythagoreum
872 2095 1023 2174 quendam
1054 2095 1175 2156 librum

149 2191 269 2253 novisse
291 2196 424 2268 ¹certum
459 2193 593 2270 videtur,
629 2192 786 2271 probabile
823 2194 952 2254 eundem
985 2195 1174 2271 possedisse:

17 2288 26 2304 '
149 2289 250 2350 omnia
290 2291 411 2370 reliqua
451 2290 537 2351 uobis
578 2291 772 2368 incomperta.
831 2309 946 2369 neque·
967 2292 1041 2375 licet
1076 2293 1176 2353 verba

147 2379 275 2467 ὀλίγην
296 2386 402 2466 βίβλον
424 2407 533 2466 urgere
556 2392 592 2449 ut
614 2390 714 2450 voluit
730 2388 857 2470 Birtius²
880 2391 935 2449 dos
955 2391 1052 2450 cotilae
1069 2390 1174 2460 Bacla-

148 2502 241 2545 wcscn
262 2505 292 2561 p.
311 2487 391 2561 4513
414 2503 485 2544 nam
507 2485 630 2546 minime
653 2488 757 2565 agitur
783 2487 820 2550 de
843 2486 1054 2566 magnitudine
1076 2487 1174 2548 huius
1242 2499 1244 2502 ’

149 2582 313 2643 voluminis
337 2601 406 2642 cum
429 2583 498 2644 aliis
521 2585 626 2644 collati
647 2586 699 2645 sed
721 2585 758 2644 de
778 2586 909 2662 pecunia
927 2584 1115 2663 grandique
1135 2586 1174 2645 li-

147 2679 246 2740 bellus
270 2681 389 2756 emptus
412 2677 479 2740 sits

216 2775 361 2838 Ceterum
383 2780 607 2859 τιμαιογραφεῖν
629 2779 668 2839 ad
690 2797 826 2841 normam
848 2780 1010 2842 verborum
1028 2783 1174 2862 λογογρα-

151 2878 222 2951 φεῖν
244 2879 453 2956 pvdoypcoeiv
480 2877 610 2937 aliorum
636 2877 720 2937 haud
744 2877 790 2937 ita
812 2878 943 2939 feliciter
965 2896 984 2938 a
1007 2881 1100 2954 poeta
1125 2883 1175 2940 est
1265 2887 1266 2954 i

150 2971 269 3051 fiotum;
288 2966 493 3054 ἀπαρχόμενος
511 2993 582 3036 vcro
602 2975 684 3052 quod
702 2977 785 3036 solus
800 2973 917 3036 Gellius
936 2975 1059 3036 exhibet
1072 2977 1174 3037 multo
1265 2991 1266 3012 ³

152 3071 333 3148 exquisitius
362 3091 454 3149 quam
480 3064 669 3152 ἆφορμηθείς
696 3064 793 3154 (quod
817 3075 911 3152 vulgo
941 3072 1017 3134 duce
1041 3073 1175 3135 Valcke·
1265 3059 1266 3152 J

152 3169 251 3250 nario,
276 3169 311 3229 de
335 3161 513 3230 Aristobulo
536 3190 564 3247 p.
585 3170 625 3231 65
652 3171 719 3232 adn.
741 3173 757 3230 1
782 3163 990 3253 praeferunt);
1019 3171 1176 3250 significat
1265 3173 1266 3258 l

153 3266 234 3326 enim
257 3261 385 3344 ‘optima
405 3271 439 3330 et
461 3267 650 3329 nobilissima
672 3268 742 3328 inde
765 3262 914 3346 carpens'.
1265 3263 1266 3312 i
