2542 3996
550 221 592 230 —
642 184 705 249 194
751 221 793 231 -
1025 207 1185 250 crunnum

158 341 348 430 (chiliade
369 349 434 409 iate
454 350 484 426 5,
505 340 561 431 10)
585 348 783 426 inprimisque
805 349 917 410 favisse
940 349 1092 409 meretrici
1116 351 1183 409 cui-

158 447 228 506 dam
260 446 310 507 cui
341 465 450 506 nomen
477 441 626 523 Νικαρέτη
654 449 720 506 erat
748 439 800 528 (cf.
820 447 920 507 Laert.
940 447 1028 526 Diog.
1046 447 1080 506 Π
1101 451 1184 524 114;

158 543 269 604 Athen.
288 543 364 604 XIII
385 563 414 622 p.
434 536 542 625 596²);
567 561 627 620 quo
651 548 765 621 quanto
784 545 912 605 facetior
929 545 1076 606 reddetur
1094 545 1184 605 iocus

159 643 266 703 elucet.

548 891 579 950 Π
603 883 637 971 (6
662 884 787 973 Bergk.)

203 1006 259 1074 καί
283 1005 351 1093 μὴν
374 1005 552 1074 Maenalon
575 1009 721 1074 εἰσεῖδον
737 1056 989 1074 ............

203 1117 271 1182 τῶν
296 1115 396 1200 ἐρίων
420 1115 578 1194 ξαίνοντα
601 1111 744 1199 γυναῖκά
768 1139 803 1180 τε
827 1115 1095 1200 συγξαίνουσαν,

204 1217 264 1288 τὸν
288 1217 388 1306 λιμὸν
411 1222 598 1305 φεύγοντας
622 1221 658 1286 ἐν
682 1222 759 1307 οιίνῇ
784 1223 943 1307 δηιοτῆτι.

457 1405 578 1448 nonnul
599 1405 741 1447 DETOR'PI
763 1405 881 1448 VERSVS

159 1497 189 1550 in
207 1513 234 1550 τ.
255 1500 283 1549 1:
301 1498 316 1548 λ
336 1499 388 1550 693
407 1493 456 1550 καί
474 1492 530 1564 μὴν
546 1494 678 1564 Σίσυφον
698 1491 821 1550 εἰσεῖδον
839 1490 953 1565 κρατέρ’
973 1489 1055 1564 ἄίηέ
1076 1493 1186 1567 ἔχοντα

162 1589 192 1643 iu
212 1606 238 1643 τ.
258 1592 288 1642 8.·
308 1605 327 1658 μ
345 1589 397 1642 257
416 1589 513 1654 χεῖρας
534 1578 598 1652 ἐμοὶ
616 1577 768 1654 ὀρέγοντας
786 1579 817 1638 ἐν
837 1582 903 1656 αἰνῇ
923 1584 1051 1654 δηιοτῆτι

226 1774 312 1816 rnen.
336 1752 560 1815 Plutarchus
584 1749 620 1812 de
644 1751 698 1811 vit.
722 1769 792 1811 aere
816 1753 854 1812 al.
878 1771 903 1811 c.
925 1755 942 1811 7
966 1774 996 1830 p.
1010 1743 1101 1828 3330?
1128 1747 1186 1834 οὐχ

158 1846 241 1938 ὁρᾷς,
265 1847 305 1924 ὡς
327 1845 422 1913 πολλὰ
445 1837 498 1930 pic
521 1851 559 1930 γῆ
582 1845 710 1929 παρέχει,
733 1843 826 1910 πολλὰ
848 1845 881 1909 δὲ
899 1843 1031 1930 θάλαττα
1050 1842 1183 1932 (quibus

35 1990 38 1996 ‚
158 1954 240 2010 recte
263 1949 418 2028 usurpatis
442 1950 505 2009 sine
529 1967 598 2009 aere
621 1947 720 2008 alieno
743 1947 846 2008 vivere
868 1941 995 2031 possis);
1024 1946 1095 2010 «uel
1120 1943 1183 2028 μὴν

163 2080 200 2089 -
227 2047 390 2124 εἰσεῖδον»,
413 2044 506 2126 φησὶν
529 2039 546 2108 δ
569 2041 703 2127 Κράτης,
728 2048 809 2106 «τῶν
835 2079 872 2088 -
899 2044 1060 2125 δηιοτῆτι».

231 2202 257 2238 v.
279 2189 294 2237 1
319 2177 468 2238 Μιικδίον
496 2180 594 2252 scripsi
619 2181 682 2236 coll.
705 2179 822 2236 Moscho
847 2182 860 2236 Ι
884 2186 917 2236 13
942 2181 1183 2236 etInecr.Gr.1
1261 2219 1262 2230 ,

161 2276 336 2338 u.1‘106‚2:
363 2270 511 2325 Μίκκυλον
535 2269 667 2324 Ducbner
694 2270 725 2323 et
752 2269 839 2326 codex
863 2267 1006 2324 Parisinus
1030 2270 1106 2340 apud
1126 2269 1182 2339 Xy·

160 2359 303 2428 landrum,
329 2360 458 2413 Μίκυίον
481 2359 582 2428 vulgo;
610 2360 758 2413 accentum
779 2356 884 2427 (quode
908 2358 942 2412 cf.
962 2359 1049 2414 etiam
1068 2359 1183 2414 Bitschl

159 2448 266 2517 proleg.
287 2447 387 2502 Thorn.
406 2464 481 2516 mag.
499 2465 526 2518 p.
547 2445 635 2501 cxlv
658 2448 687 2501 et
709 2445 824 2501 Lebeck
846 2446 916 2516 prol·
940 2447 1047 2518 pathol.
1066 2458 1095 2516 p.
1117 2451 1182 2518 122)
1260 2455 1261 2460 ’

161 2535 283 2590 correxit
300 2535 371 2588 Bast
392 2535 475 2603 epist.
500 2534 560 2588 crit.
579 2552 606 2603 p.
626 2533 693 2588 243²
711 2553 771 2604 sqq.
792 2535 837 2604 (cf,
856 2535 959 2589 Herod.
978 2533 991 2586 Ι
1009 2552 1037 2603 p.
1059 2542 1125 2604 163,
1148 2543 1182 2590 14
1260 2555 1261 2570 ι

161 2626 190 2679 et
200 2629 260 2691 164,
271 2629 288 2676 4
299 2620 404 2690 Lente.)
418 2622 421 2693 l
433 2621 547 2692 supplet
566 2639 678 2678 versum
697 2639 730 2678 ex
744 2622 893 2678 Homerico
913 2625 1041 2694 exemplo
1061 2622 1179 2693 κρατέρ’
1260 2649 1261 2671 ι

161 2705 241 2781 ἄλγε’
263 2709 365 2782 ἔχοντα
383 2709 527 2781 Xylander
544 2710 594 2765 int.
614 2712 663 2766 lat.

227 2899 323 2941 coun.
360 2879 508 2958 Miccylue
535 2879 733 2957 philosophus
761 2881 898 2959 ignotus:
926 2882 1049 2943 videtur
1075 2887 1180 2943 tamen
1259 2955 1260 2964 ρ

159 2997 220 3038 nen
243 2979 342 3038 solum
365 2998 381 3037 e
400 2977 531 3038 Cratetis
555 2977 694 3038 siliarum
716 2981 827 3038 natura
845 2979 897 3040 sed
917 2979 1008 3038 etiam
1028 2997 1044 3037 e
1062 2997 1181 3041 conexu

159 3077 379 3144 sententiarum
402 3076 456 3154 qui
473 3075 555 3153 apud
573 3074 773 3136 Plutarchum
791 3081 876 3137 extat
893 3075 1085 3138 efficiendum
1106 3097 1179 3156 esse,

159 3175 323 3254 Miccylum
349 3175 500 3235 hominem
526 3173 754 3252 philosophum,
781 3175 893 3235 litteris
921 3179 1002 3236 certe
1028 3176 1180 3255 insignem

158 3292 218 3332 non
241 3275 341 3333 minus
364 3273 457 3334 fuisse
482 3276 574 3350 atque
594 3271 770 3334 Cleanthem
793 3292 883 3351 quem
906 3273 1047 3333 similiter
1071 3293 1180 3352 operas
1258 3307 1259 3310 ι

159 3369 330 3447 praebendo
349 3371 445 3433 vitam
462 3371 595 3432 tenuisse
614 3371 700 3432 addit
718 3371 823 3432 statim
841 3371 1034 3432 Plutarchus.
1072 3372 1180 3451 itaque

158 3468 210 3530 vix
235 3469 358 3530 videtur
379 3469 459 3529 idem
481 3469 576 3530 fuisse
600 3473 693 3548 atque
717 3489 829 3549 egenus
853 3473 884 3530 et
906 3470 1048 3530 innocens
1073 3471 1178 3531 homo—

159 3583 268 3644 nymus
292 3566 378 3628 cuius
398 3567 587 3648 epitaphium
606 3569 784 3646 conscripsit
802 3567 1006 3628 Callimachus
1026 3568 1121 3648 epigr.
1140 3571 1180 3629 18
