2548 4004
529 213 726 276 ..γ-

183 379 304 439 Primus
341 378 423 455 quod
460 377 590 438 sciamus
627 377 707 436 inter
738 376 952 455 grammaticos
984 375 1134 454 Didymus

111 477 334 538 Chalcenterus
357 476 497 536 sillorum
516 475 701 534 mentionem
722 474 796 533 fecit
818 474 850 534 in
872 475 986 551 lyricae
1008 491 1134 550 poeseos

113 573 281 654 generibus
299 574 470 653 digerendis
490 577 522 634 et
540 571 723 632 enarrandis.
757 573 795 632 ed
813 573 904 632 huius
924 573 1004 632 enim
1021 572 1135 630 librum

111 669 185 750 περὶ
212 674 342 750 λυρικῶν
367 673 499 750 ποιητῶν
520 662 645 754 redit²),
670 670 751 747 quod
774 670 806 729 in
828 671 928 730 Procli
952 671 1134 731 chrestoma·

113 767 185 829 thia
207 759 270 849 (ap.
293 767 380 832 Phot
404 769 469 830 bibl.
493 767 557 828 cod.
582 769 645 828 239
669 787 698 844 p.
723 770 802 830 320⁸
826 760 861 851 2)
890 772 922 829 et
946 769 978 827 in
1001 768 1134 844 Etymol.

114 866 219 944 Magn.
242 886 271 943 p.
298 867 375 944 713,
402 868 441 925 14
469 865 550 926 inter
576 863 647 944 μέλη
675 870 854 927 numeretur
880 865 976 938 σίλλος
1004 870 1035 926 et
1061 865 1134 926 ibid.

113 983 145 1042 p.
168 965 248 1024 321·
262 966 361 1028 acet
381 984 411 1041 p.
432 965 505 1042 713,
523 966 563 1025 13
587 964 731 1025 definitur
754 955 771 1025 δ
794 962 890 1036 σίλλος
911 961 1061 1040 λοιδορίας
1083 959 1132 1020 καί

115 1053 302 1140 διασυρμοδς
324 1053 553 1143 πεφοισμένοοςλ)
580 1054 752 1141 ἀνθρώπων
778 1057 843 1139 ἔχει
889 1060 921 1119 in
944 1058 1036 1120 simili
1059 1078 1134 1137 qua·

114 1160 190 1220 dam
212 1158 380 1218 carminum
403 1159 629 1220 enumeratione
650 1177 742 1237 quam
759 1158 948 1236 Byzantinus
971 1157 1135 1218 scholiasta

112 1258 148 1316 in
182 1256 284 1317 codiee
311 1256 496 1318 Londinensi
523 1257 562 1318 ad
588 1257 729 1335 Dionysii
756 1259 853 1317 artem
881 1254 902 1333 ἓ
928 1260 943 1315 1
974 1255 1135 1333 adscripsit

114 1355 192 1416 item
215 1355 296 1414 inter
313 1355 491 1415 melicorum
510 1356 678 1415 carminum
696 1353 887 1414 definitiones
905 1353 1021 1431 legitur
1038 1352 1135 1425 σίλλος

113 1449 176 1512 ἐστί
198 1451 313 1530 ποίημα
334 1445 487 1531 λοιδορίαν
508 1446 582 1512 acroi
603 1475 684 1524 τινος
705 1444 883 1532 περιέχονῧ).
928 1450 981 1510 sed
1013 1451 1045 1510 in
1077 1451 1134 1510 hac

112 1537 332 1612 distributioni
359 1570 458 1629 neque
490 1551 605 1611 formae
633 1565 731 1629 neque
763 1553 892 1610 naturae
923 1549 989 1609 ulla
1016 1548 1134 1609 ratione

60 1687 64 1692 -
113 1646 224 1708 habits
250 1647 361 1708 idcirco
390 1649 489 1708 solum
515 1649 595 1709 inter
621 1645 692 1727 μέλη
714 1648 831 1708 relatus
855 1651 901 1708 est
924 1647 1025 1725 sillus,
1054 1647 1135 1725 quod

113 1749 152 1806 ut
180 1738 276 1823 ὕμνος
303 1745 440 1824 deorum,
473 1739 619 1826 ἐγκώμιον
649 1747 805 1807 hominum
835 1745 940 1805 laudes
967 1745 1012 1804 ita
1039 1744 1135 1816 σίλλος

113 1842 274 1904 hominum
310 1844 552 1921 vituperationes
586 1845 729 1904 continet.
775 1859 873 1921 neque
909 1844 1007 1921 magis
1043 1843 1135 1920 valet,

112 1942 199 2019 quod
223 1941 285 2001 silli
304 1942 385 2018 apud
402 1942 601 2002 Eustathium
619 1943 651 2001 in
669 1941 790 2002 Homer.
804 1960 833 2017 p.
849 1941 923 2018 204,
939 1941 979 2000 23
1004 1939 1135 2000 comicae

112 2039 203 2116 poesi
231 2037 456 2100 adscribuntur:
484 2059 554 2098 nam
581 2040 630 2100 hic
653 2058 775 2117 quoque
799 2038 862 2099 sive
886 2038 951 2097 eius
974 2040 1081 2096 auctor
1104 2037 1136 2096 id

112 2136 217 2198 solum
245 2137 394 2214 spectavit
422 2138 505 2215 quod
531 2141 568 2197 ut
594 2138 626 2198 in
654 2137 808 2197 comoedia
835 2136 880 2196 ite
906 2135 939 2194 in
966 2135 1022 2194 hac
1050 2135 1136 2212 poesi

112 2234 284 2294 irridentur
297 2235 441 2296 homiues.
469 2236 574 2313 itaque
588 2235 665 2294 nihil
678 2236 841 2311 lucramur,
859 2234 918 2294 nisi
931 2233 964 2293 id
977 2233 1059 2311 quod
1073 2234 1137 2306 iam

113 2333 273 2394 effecimus
297 2337 329 2394 et
350 2333 441 2393 nimis
464 2333 600 2410 amplum
624 2351 690 2392 esse
717 2332 935 2409 intelleximus,
963 2331 1047 2391 sillos
1075 2331 1135 2390 dici
1187 2387 1193 2398 ,

111 2430 253 2490 carmina
280 2428 423 2492 irrisoria.
468 2430 549 2490 idem
580 2430 708 2508 denique
741 2429 932 2509 confirmant,
965 2428 1018 2507 qui
1050 2429 1134 2489 sillos

191 2651 334 2722 1)(1111.
353 2652 493 2723 Schmidt,
512 2653 630 2723 Didymi
650 2652 741 2728 θλιρλο.
759 2653 814 2722 frp.
833 2669 861 2723 p.
881 2659 934 2708 390
948 2669 991 2722 sq.

190 2736 218 2801 2)
237 2729 434 2803 πεφεισμένως
448 2733 492 2788 est
504 2731 535 2787 in
547 2731 626 2788 libris
640 2731 734 2789 Phoiii
746 2732 777 2788 'et
790 2731 981 2802 Etymologioi
995 2731 1134 2802 omnibus,

114 2813 168 2868 sed
187 2812 295 2868 dudum
313 2812 389 2883 apud
406 2811 540 2868 Photium
559 2815 715 2868 correctum
732 2813 763 2866 iu
781 2811 981 2883 πεφασμένωςε
1004 2813 1081 2880 quod
1098 2830 1135 2868 ne

114 2891 191 2948 falso
220 2891 415 2962 interpreteris
441 2893 471 2948 in
499 2893 672 2972 memoriam·
690 2892 878 2949 revocandum
906 2895 950 2948 est
976 2890 1135 2963 discrimen,

114 2971 195 3042 quod
213 2971 288 3026 inter
305 2971 482 3029 comoediam
499 2975 530 3028 et
547 2967 599 3042 τὴν
617 2974 763 3044 λοιδορίαν
780 2971 954 3028 intercedere
968 2971 1135 3028 Aristoteles

115 3051 210 3122 (apud
229 3045 311 3108 anem
331 3052 366 3107 de
385 3052 511 3108 comoed.
530 3057 545 3119 5
564 3054 592 3121 4)
615 3053 698 3109 iussit
720 3048 738 3122 ἡ
762 3049 813 3122 μὲν
836 3052 964 3120 λοιδορία
987 3047 1135 3118 ἀπαρακα-

113 3128 278 3194 liuverad
292 3129 434 3204 προσόντα
448 3128 524 3188 acad
543 3130 687 3203 διέξεισιν,
705 3128 723 3202 ἡ
737 3129 770 3188 di
785 3134 878 3188 δεῖσαι
896 3132 945 3200 τῆς
959 3129 1135 3202 καλουμένης

116 3207 284 3282 ἐμφάσεωςς
307 3212 404 3282 itaque
426 3215 591 3283 comparata
613 3230 677 3269 cum
703 3212 849 3268 comoedia
873 3213 990 3281 antique
1008 3211 1136 3268 sillornm

114 3290 211 3346 irrisio
230 3289 381 3348 manifesta
404 3294 461 3359 est,
485 3291 540 3347 etei
562 3307 613 3362 per
636 3291 823 3362 amphiboliae
844 3293 875 3346 et
892 3290 1014 3348 deflexos
1033 3293 1135 3349 Home-

114 3370 193 3426 ricos
212 3387 310 3427 verens
330 3371 457 3426 homines
475 3374 645 3442 punguntur.

191 3453 220 3520 3)
239 3449 280 3508 Of.
300 3449 427 3508 Gremeri
444 3451 500 3507 Διι.
522 3451 609 3508 Οσοιι.
629 3451 667 3506 lV
685 3469 713 3522 p.
733 3456 793 3520 ³14,
814 3457 861 3518 1s;
883 3451 1037 3509 dehoram
1056 3455 1136 3509 scho-

114 3533 223 3589 liorum
241 3530 349 3602 origine
367 3531 560 3602 disputantem
578 3531 643 3587 vide
657 3529 811 3601 Vhligium‚
829 3531 938 3601 proleg.
957 3533 993 3588 ad
1007 3533 1137 3604 Dionysii

114 3617 210 3670 artem
229 3628 257 3681 p.
276 3609 400 3667 XXXVI.
