2542 3996
68 204 117 245 ss.
133 204 236 246 xxxxv
461 217 499 226 --
550 180 612 244 159
662 217 698 227 -

67 346 98 404 iu
128 345 298 406 deliniendo
321 363 382 404 uno
407 343 462 404 deo
482 362 606 421 prorsus
625 346 800 422 neglexerat
817 346 1026 428 Xenophanes,
1049 355 1085 412 ut

68 443 179 504 Sextus
206 441 383 503 testimonio
411 459 503 520 snpra
525 443 677 519 adscripto
702 442 847 504 edisserit.
894 445 998 523 itaque
1022 467 1085 510 reo·

66 543 185 603 tissime
212 542 329 621 legitur
355 534 626 621 ἆμφοτερόβλετττος
652 540 775 600 minime
799 559 867 600 enm
891 542 1029 605 Belrlrero
1051 548 1084 606 in

66 633 346 718 dppoeapodltmov
363 639 556 700 mutandum:
575 640 728 717 utrimque
751 639 832 698 enim
850 643 938 700 oaute
958 642 1084 704 oiroum-

67 737 223 814 spieieudo
241 737 278 796 fit
295 741 332 797 nt
350 737 461 815 aliquis
480 737 608 796 solidam
622 737 803 815 sapientiem
816 742 1027 817 consequatur,
1045 771 1082 784 —

68 833 183 895 Contra
204 827 407 914 πρεσβυγενὴς
429 830 517 894 ἐτέων
538 839 620 894 reete
638 835 794 895 Behkerus
814 836 993 916 emendavit,
1016 856 1085 898 oum

66 929 108 992 ἔτι
129 932 285 1009 pmtioula
306 932 445 1010 intellegi
466 949 590 1009 prorsus
611 937 755 1010 nequeat3
778 934 938 1011 genetivus
956 953 1028 996 vero
1046 936 1084 996 de

68 1048 128 1108 quo
152 1029 308 1092 dubitavit
331 1030 489 1091 Nauohius
518 1031 631 1108 optime
658 1032 720 1090 iam
747 1030 920 1110 aBergkio
943 1033 963 1091 l.
988 1051 1010 1093 s.
1035 1051 1084 1093 ex·

66 1129 201 1206 plicatae
216 1133 271 1188 est.
304 1133 397 1206 atque
416 1146 510 1189 annos
528 1128 697 1207 nonaginta
714 1129 791 1189 duos
805 1129 871 1190 eius
885 1130 981 1191 vitam
995 1149 1082 1208 snpe-

67 1243 151 1286 raese
174 1245 212 1286 ex
234 1225 331 1302 ipsius
349 1227 385 1285 fr.
407 1229 425 1285 7
444 1226 478 1286 B.
502 1229 629 1286 oonstat.
652 1255 689 1266 -
710 1225 788 1286 Dein
811 1226 850 1286 ed
871 1228 1083 1306 oonigendum

66 1323 252 1384 vocabulum
283 1327 459 1402 oonuptum
491 1317 706 1402 τ’τττενθήριστος
738 1325 829 1384 multi
861 1331 1085 1406 concurrerunt,

67 1439 198 1498 quorum
235 1420 426 1482 oonieoturae
462 1439 565 1482 omnes
598 1439 660 1481 una
692 1421 821 1482 duarum
852 1422 976 1484 illarum
1008 1443 1084 1503 quas

66 1535 160 1596 supra
182 1519 273 1596 posui
299 1519 486 1598 generalium
508 1519 808 1597 argumentationum
825 1522 1017 1600 refelluntur,
1040 1523 1085 1584 ita

66 1619 103 1676 ut
134 1635 197 1676 non
224 1636 301 1694 opus
329 1619 370 1678 sit
396 1617 532 1695 singulas
562 1617 710 1695 refutare,
738 1618 877 1696 quamvis
905 1624 1085 1696 argumenta

67 1733 128 1774 nou
156 1714 265 1776 desint.
312 1714 394 1794 quod
420 1733 477 1793 ego
504 1715 649 1792 proposui
671 1715 842 1792 profectum
866 1719 912 1776 est
935 1735 971 1775 ex
993 1716 1085 1778 verbo

67 1811 247 1890 μττθηρίζω,
265 1813 303 1874 de
322 1832 382 1890 quo
397 1812 552 1891 Hauptiue
571 1814 624 1873 alii
642 1813 847 1892 disputamnt
866 1817 903 1872 ut
921 1807 1087 1894 εὐλόγιστος

68 1927 104 1968 ex
135 1909 239 1990 λογίζω
268 1901 462 1993 (λογίζομαι),
494 1910 646 1989 habetque
674 1912 805 1972 activam
833 1910 1085 1989 significationem

66 2010 105 2066 ut
132 2004 214 2065 idem
242 1999 408 2086 εὐλόγιστος
435 2008 556 2085 aliaque
580 2009 731 2069 adieetiva
753 2008 889 2069 verbalia
911 2010 943 2069 in
965 2031 1014 2082 τος
1036 2029 1085 2070 ex·

66 2103 174 2164 euntia
186 2105 294 2164 multa.
311 2135 349 2146 --
365 2104 505 2183 Denique
518 2107 550 2165 in
564 2107 681 2166 ultimis
695 2110 777 2167 reete
791 2105 961 2166 Odofredus
975 2107 1086 2168 Mdller

66 2201 86 2259 l.
106 2219 128 2262 s.
153 2202 282 2280 agnovit
302 2201 389 2264 verbi
409 2195 545 2265 ἀνελύετο
564 2204 735 2264 subiectum
753 2224 813 2264 non
831 2205 894 2264 πᾶν
912 2222 985 2282 esse,
1004 2206 1086 2282 quod

67 2299 162 2378 vulgo
185 2303 374 2378 putaverunt
395 2301 476 2360 idem
499 2301 548 2360 hio
570 2302 672 2362 valere
691 2305 783 2380 atque
802 2297 925 2362 ἕκαστον
945 2302 1013 2380 rati,
1033 2303 1085 2363 sed

66 2391 150 2476 νόος;
187 2417 318 2476 namque
354 2400 459 2478 agitur
491 2400 527 2459 de
558 2399 751 2476 Xenophanis
789 2398 935 2475 primario
971 2399 1085 2475 plaoito

62 2493 101 2554 ἓν
126 2488 205 2556 εἶναι
231 2491 263 2558 τὸ
291 2499 353 2558 πᾶν
379 2503 416 2559 ut
439 2499 549 2558 Sextus
572 2499 591 2558 l.
616 2517 639 2558 s.
664 2490 705 2578 (v.
729 2498 765 2558 fr.
788 2487 914 2578 XXXX)
938 2497 994 2574 ait,
1023 2496 1086 2557 sive

61 2591 100 2651 ‘tv
130 2585 165 2654 τὸ
196 2585 234 2654 ὂν
262 2591 313 2654 καὶ
339 2597 401 2655 πᾶν
429 2597 593 2656 seeundum
621 2595 864 2672 Theophrastum
891 2595 977 2673 phys.
1007 2594 1085 2672 opin.

66 2691 103 2750 fr.
127 2694 147 2751 5
171 2712 201 2768 p.
226 2693 304 2770 480,
328 2695 348 2752 4
371 2693 465 2752 Diels.
511 2713 608 2772 neque
640 2697 742 2769 potest
773 2695 835 2752 πᾶν
865 2692 970 2753 eodem
996 2710 1087 2752 versu

67 2790 214 2850 iteratum
246 2790 306 2851 duo
338 2791 429 2869 plane
461 2793 542 2852 inter
569 2809 600 2850 se
626 2790 745 2852 diversa
773 2789 956 2867 signifiear03
989 2790 1085 2848 altero

66 2906 138 2948 vero
165 2888 235 2947 looo
261 2889 430 2950 necessario
459 2888 611 2968 signifieat
637 2889 813 2948 universum
836 2887 917 2965 quod
940 2890 972 2946 et
994 2886 1084 2945 deum

67 3003 132 3046 esse
170 2989 203 3046 et
236 2973 342 3064 ὅμοιον
372 2979 469 3064 πάντη
502 2986 578 3046 dixit
610 2985 814 3063 Colophonius
849 2977 900 3065 (of.
927 2982 1084 3060 Hippolyt.

64 3083 176 3161 philos.
198 3085 238 3144 14
256 3105 286 3161 p.
301 3085 376 3161 565,
396 3087 437 3146 26
451 3084 489 3143 D.
509 3087 540 3145 et
558 3084 755 3161 Theophrast,
769 3084 789 3142 1.
805 3101 826 3143 s.
841 3083 955 3159 p.481,
967 3084 1006 3139 11
1023 3073 1084 3162 D.).

66 3181 172 3260 itaque
204 3181 337 3258 primum
368 3182 492 3260 exponit
518 3182 718 3258 Xenophanes
751 3199 854 3242 omnes
884 3177 1085 3257 cogitationes

66 3299 137 3340 suas
176 3297 295 3358 semper
331 3280 369 3340 ad
405 3299 501 3340 unum
535 3279 674 3357 idemque
707 3278 882 3340 universum
914 3275 1086 3352 reamissa,

67 3377 175 3437 deiude
202 3378 259 3436 hoo
281 3377 457 3440 universum
481 3379 571 3456 quale
594 3377 653 3454 ipsi
676 3377 776 3436 visum
799 3376 840 3436 sit
862 3373 955 3435 addit.
996 3373 1028 3434 in
1050 3393 1087 3434 eo

67 3481 169 3536 tamen
198 3475 364 3534 hittllerum
397 3475 508 3536 fefellit
539 3475 653 3553 opinio,
686 3474 767 3552 quod
798 3475 829 3532 in
857 3471 1010 3551 prioribus
1037 3471 1087 3532 iti·

67 3573 146 3636 neris
189 3574 352 3652 imaginem
388 3574 555 3634 adhibitam
592 3591 656 3634 esse
692 3573 821 3633 eredidit
856 3572 1086 3649 interpretatus:
