2548 4004
531 163 751 268 -10'-

134 373 234 430 terum
251 368 433 446 -Hesychius
463 369 600 428 Milesius
633 369 715 447 apud
748 370 895 430 Suidam
922 391 950 432 v.
981 369 1081 447 Τίμων
1114 369 1151 429 de
1262 399 1263 418 2

134 467 308 544 philosophi
335 468 400 528 vita
426 467 515 544 plane
543 467 620 526 nihil
642 468 772 544 protulit
794 468 847 528 sed
870 468 945 528 satis
968 467 1077 528 habuit
1100 468 1152 527 sil·
1257 467 1264 504 ἲ

136 567 236 626 lorum
258 565 352 625 libros
375 568 437 625 tres
460 583 717 624 commemorasse.

201 663 301 723 Natus
335 666 381 723 est
409 663 516 722 Tim0n
543 661 687 723 Phliunta
716 654 768 743 (oi.
791 663 824 722 L.
849 663 885 722 D.
904 651 988 740 '1093
1016 663 1100 724 Suid.
1123 684 1152 725 v.
1263 696 1264 728 1

138 759 251 838 Τίμων;
287 760 389 837 Steph.
412 760 483 836 Byz.
507 761 685 836 ι..Φ1ιοῦς,
709 753 762 842 al.)
790 765 876 837 patre
905 760 1064 821 Timarcho
1099 752 1151 842 (of.
1257 787 1260 799 .

135 857 168 916 L.
193 858 229 917 D.
252 858 272 917 l.
296 849 342 939 a).
385 876 508 934 corpore
536 857 597 917 fuit
629 858 785 935 praeditus
813 861 877 920 tam
904 858 1006 920 valido
1034 861 1070 918 ut
1098 877 1153 935 per
1264 919 1265 926 ,

134 957 302 1034 nonaginta
324 973 418 1016 anuos
440 955 559 1017 viveret
582 945 634 1036 (cf.
653 956 687 1015 L.
706 956 742 1016 D.
763 949 853 1037 112);
876 955 908 1016 id
931 975 1028 1016 unum
1049 959 1152 1016 tamen
1264 1019 1265 1023 ,

134 1053 235 1112 minus
258 1053 333 1112 bene
358 1053 386 1112 ei
409 1052 519 1112 accidit
542 1052 624 1130 quod
652 1054 802 1114 unoculus
830 1045 941 1135 erat¹)‚
970 1073 1062 1131 quam
1088 1073 1153 1114 rem

137 1221 308 1275 quamquam
323 1203 392 1260 satis
406 1204 502 1273 inepte
516 1203 651 1260 transitus
666 1204 840 1275 significatur
853 1205 960 1276 pariter
974 1207 1058 1275 atque
1069 1205 1108 1260 lX
1118 1211 1153 1261 68

135 1281 329 1347 Ποσειδώνιος
347 1283 380 1339 ol
399 1280 606 1339 sclaomiri
625 1305 657 1338 τι
672 1281 797 1352 ’διέξεισι
819 1284 887 1355 περὶ
905 1283 1007 1354 αὐτοῦ,
1029 1283 1081 1340 VII
1101 1289 1152 1341 186

135 1359 152 1418 ὁ
177 1359 213 1433 δὴ
239 1363 396 1432 φιλόσοφος
422 1362 472 1418 καὶ
499 1361 680 1427 τοιούτους
706 1362 786 1429 τινὰς
807 1361 903 1435 ἠρώτα
929 1363 1043 1436 λόγους,
1072 1365 1153 1424 alias.
1179 1386 1183 1390 ·

134 1444 220 1512 atque
247 1443 310 1498 fons
338 1460 427 1500 novus
454 1445 492 1500 ad
520 1461 603 1514 quem
631 1444 846 1502 describendum
874 1445 977 1500 transit
1002 1446 1154 1516 Diogenes,

135 1521 294 1579 necessario
313 1524 398 1578 duas
418 1523 563 1578 minimum
581 1523 764 1594 amplectitur
777 1524 1010 1595 narratiunculas,
1030 1527 1153 1596 priorem

136 1620 209 1672 quae
222 1603 355 1675 incipite
368 1604 462 1660 verbis
476 1601 548 1674 aede
564 1594 624 1659 οὖν
644 1599 694 1659 τὸν
708 1601 931 1676 θαυμαζόμενον
946 1611 1013 1674 ari,
1032 1605 1153 1662 alteram

136 1698 155 1736 a
173 1683 266 1740 verbis
286 1681 440 1755 ἐρωτηθεὶς
459 1682 491 1739 δέ
511 1702 578 1738 ποτε
598 1681 762 1740 incohatam
781 1685 811 1738 et
828 1686 866 1739 ad
880 1684 1055 1741 Arcesilaum
1074 1701 1153 1755 spec·
1263 1753 1264 1756 ρ

135 1765 252 1819 tantem.
291 1780 381 1833 neque
400 1766 444 1820 est
462 1781 511 1819 cur
529 1761 660 1818 ultimum
683 1765 873 1834 enuntiatum,
897 1765 973 1835 quod
992 1769 1069 1822 arcte
1088 1782 1152 1821 cum
1264 1783 1265 1846 ρ

136 1844 320 1900 antecedente
339 1844 471 1902 cohaeret
488 1861 579 1913 neque
598 1844 690 1899 minus
709 1845 747 1900 ad
759 1844 935 1902 Arcesilaum
953 1846 1085 1916 pertinet,
1105 1845 1154 1901 ab·
1264 1871 1265 1936 ρ

136 1923 304 1980 scindamus.
342 1925 412 1980 haee
440 1924 528 1994 igitur
554 1941 587 1978 ex
610 1923 701 1980 altero
728 1922 807 1982 fonte
835 1926 927 1996 petita
954 1927 1153 1996 supplementa

136 2005 195 2058 tam
221 2004 364 2076 egregiam
391 2005 505 2060 illorum
529 2007 685 2073 temporum
710 2007 740 2060 et
762 2004 908 2060 hominum
932 2007 1063 2062 notitiam
1086 2020 1154 2076 praa

137 2098 166 2137 se
185 2083 281 2139 icrunt
297 2084 327 2138 in
346 2082 536 2140 describendis
554 2083 718 2142 Dioscorida
737 2085 911 2155 Pyrrhonem
930 2085 1087 2153 Arcesilao,
1106 2083 1152 2138 Ti-

137 2180 220 2219 mone
242 2180 276 2219 ex
295 2165 429 2221 Thebano
452 2163 553 2218 itinere
576 2164 678 2219 reduce
703 2167 732 2222 et
753 2166 784 2221 in
802 2165 929 2222 Timonis
953 2164 1051 2222 libello
1070 2165 1154 2220 raris·

137 2241 209 2300 simo
231 2243 382 2314 laudando,
400 2245 433 2298 ut
450 2242 575 2300 nesciam
593 2245 630 2299 ad
649 2262 732 2314 quern
750 2245 925 2316 probabilius
944 2261 1030 2315 quam
1048 2245 1085 2300 ad
1104 2245 1154 2301 So·
1266 2285 1268 2296 .

136 2323 243 2380 tionem
275 2325 442 2381 revocentur
474 2327 551 2395 (nam
578 2323 754 2395 Antigonum
781 2324 840 2380 iam
867 2328 952 2393 antea
981 2325 1156 2396 expilaverat

137 2404 302 2475 Diogenes),
325 2404 492 2475 praesertim
515 2421 579 2458 cum
598 2403 708 2460 Sotioni
726 2404 919 2460 Dioscuridam
942 2408 1042 2461 notum
1067 2405 1155 2460 fuisse

137 2486 167 2539 st
184 2484 214 2538 in
233 2483 420 2553 scepticorum
435 2483 609 2538 successione
624 2483 781 2538 exhibitum
796 2501 857 2540 esse
871 2487 983 2541 constet
995 2485 1042 2555 (of.
1054 2490 1069 2551 ξ
1082 2485 1153 2552 116).

137 2564 257 2634 accedit,
276 2564 352 2633 quod
370 2565 400 2618 iu
418 2564 507 2618 talem
524 2563 701 2632 memoriam,
727 2564 757 2620 in
775 2565 889 2635 qualem
907 2581 981 2621 nunc
1000 2563 1156 2634 (συνεχές

36 2681 41 2692 .
137 2663 167 2699 ιε
196 2642 336 2714 ἐπιλέγειν
369 2633 469 2700 εἰώθει
500 2658 613 2698 versum
641 2646 782 2712 quendam
809 2645 1038 2716 proverbialem),
1071 2660 1155 2715 saepe

137 2723 274 2795 Antigoni
297 2725 429 2794 excerpta
452 2725 554 2777 exeunt
573 2722 649 2792 apud
668 2723 838 2795 Diogenem:
862 2725 896 2782 cf.
916 2725 956 2780 IX
975 2731 1008 2782 67
1029 2721 1157 2795 (συνεχὲς

136 2803 226 2876 λέγων
255 2804 405 2860 Homerica
432 2803 595 2873 quaedam);
630 2803 682 2859 VII
705 2810 739 2860 21
769 2801 896 2874 (συνεχές
921 2822 951 2858 es
979 2803 1154 2873 προεφέρετο

137 2884 306 2956 Euripideos
324 2886 440 2954 versus).
465 2914 499 2950 ,-
528 2885 652 2940 ceterum
672 2885 907 2942 Wilamowitaius
925 2888 955 2940 ct
973 2884 1003 2940 in
1020 2886 1098 2953 epist.
1117 2886 1157 2940 cd
1267 2877 1268 2948 ἶ

139 2965 285 3022 Maesium
302 2983 329 3034 p.
352 2969 404 3019 154
422 2966 452 3018 et
469 2965 601 3035 Antigou.
620 2983 648 3034 p.
668 2971 701 3020 82
721 2967 750 3020 et
768 2970 819 3020 sal
844 2966 915 3020 haec
937 2966 1032 3020 omnia
1056 2983 1114 3020 non
1138 2983 1156 3022 a

137 3046 264 3117 Diogene
289 3046 339 3101 sed
357 3063 375 3100 a
393 3046 518 3114 sceptico
536 3045 633 3102 nescio
656 3062 712 3115 quo
737 3045 894 3116 composita
917 3062 978 3100 esse
1000 3045 1154 3115 contendit,
1267 3055 1268 3068 ¹

138 3143 154 3182 e
172 3127 251 3182 ouius
274 3126 348 3183 libro
372 3128 474 3181 cuncta
496 3124 544 3182 ille
564 3127 593 3181 et
611 3124 796 3196 biographioa
814 3126 844 3180 et
861 3125 1072 3196 doxcgraphioa
1090 3127 1155 3182 sim·

138 3205 252 3277 pliciter
270 3206 461 3276 descripserit:
482 3203 561 3262 ouius
581 3206 721 3277 opinionis
735 3206 845 3262 nullum
859 3205 1003 3276 prolatum
1017 3207 1060 3260 est
1073 3222 1155 3277 argu·
1267 3225 1268 3274 p

138 3288 265 3342 mentum
282 3286 339 3342 nisi
357 3303 442 3340 unum
462 3286 537 3355 quod
556 3285 628 3341 nihil
646 3287 739 3342 valere
757 3287 831 3342 infra
847 3283 1002 3354 ostendam,
1021 3285 1155 3342 haustum

137 3367 210 3423 illud
229 3385 264 3424 ex
283 3366 377 3423 uerbis
397 3372 448 3421 109
468 3361 484 3420 ὁ
502 3361 572 3435 παρ’
593 3361 694 3437 ἡμῶν.

211 3449 237 3517 1)
254 3444 486 3503 Wilamowitzius
496 3463 523 3516 p.
534 3452 567 3500 31
583 3447 656 3500 hano
669 3446 833 3502 memoriam
847 3463 903 3502 non
918 3445 1009 3502 solum
1020 3461 1054 3500 ex
1069 3445 1157 3516 ipsius

138 3528 273 3600 Diogenis
296 3524 424 3583 doctrina
442 3527 468 3596 (ς
489 3529 550 3594 112)
569 3526 695 3582 additam
719 3527 769 3582 sed
792 3527 894 3582 veleb
914 3525 1021 3596 optimo
1040 3527 1156 3584 auctora

139 3613 165 3681 (θ
186 3616 251 3680 114;
270 3629 296 3666 v.
316 3610 410 3680 supra)
436 3607 631 3664 confirmatam
654 3607 758 3664 frustra
780 3606 811 3661 in
829 3606 1015 3677 suspicionem
1033 3606 1156 3664 vocavit.
