2544 3998
545 211 587 220 -
634 175 678 240 90
724 213 765 222 —
1036 197 1172 241 rmonrs

149 334 245 418 μήνης
269 335 275 417 l
302 335 400 399 ἔσπετε
422 361 472 417 μοι
495 342 629 400 Μοῦσαι.
674 340 762 399 initio
791 339 938 417 longioris
967 341 1173 400 enarrationis

65 479 69 486 -
150 437 289 498 adhibuit
303 437 403 514 ipsum
416 456 537 497 versum
551 437 745 497 Homericum
759 436 943 513 Hermippus
957 436 989 494 in
1005 430 1174 514 Φορμοφό-

150 557 212 612 ραν
229 537 400 614 fregmento
420 536 459 594 od
474 535 703 595 Homeriourum
721 535 916 612 parodiarum
934 552 1070 594 normam
1088 552 1173 594 eom·
1266 545 1267 618 J

149 633 249 710 posito
265 625 338 714 (vol.
348 633 379 691 Π
393 633 429 691 fr.
447 637 462 690 1
479 653 508 709 p.
523 633 587 693 407
602 632 701 710 Mein,
715 633 775 692 vol.
789 633 805 691 I
819 631 854 690 fr.
872 634 912 692 63
928 653 957 709 p.
969 634 1033 691 243
1048 624 1173 712 Kook.).
1266 619 1267 628 ¹

217 729 419 808 Compellavit
437 748 508 790 vero
527 729 584 789 hoc
602 747 693 789 versu
710 729 808 806 primo
824 729 931 790 Timon
949 747 1050 788 omues
1068 728 1173 806 philo·
1267 773 1268 806 ρ

150 828 260 905 sophos
292 827 493 905 dogmaticos:
527 845 629 886 omnes
661 826 741 886 enim
774 826 894 887 Timoni
926 829 998 886 sunt
1031 825 1177 901 σοφισταί
1267 815 1268 898 J

151 917 235 1005 (vide
250 925 441 1001 fr.V11114;
459 923 618 986 XXXVIH
633 916 678 1005 2),
695 941 776 984 unus
794 942 883 984 verus
903 914 998 1000 σοφός
1013 922 1172 1000 Pyrrhon3
1266 907 1268 969 ζ

151 1026 182 1082 et
208 1016 454 1102 πολυπράγμονες
480 1024 517 1081 ut
543 1021 679 1082 homines
707 1021 819 1082 curiosi
847 1025 878 1082 et
907 1021 1001 1080 rixosi
1028 1020 1172 1099 audiunt,

152 1119 257 1196 quales
276 1119 357 1196 ipsos
375 1138 430 1196 per
450 1121 550 1178 totum
569 1136 689 1178 carmen
708 1118 852 1195 depinxit.
882 1121 975 1196 atque
990 1117 1123 1178 conicias
1138 1119 1172 1176 in
1268 1122 1269 1175 J

150 1216 333 1294 usurpandis
350 1215 518 1276 Homericis
532 1215 676 1275 Boeotios
695 1216 832 1276 versibus
856 1215 1022 1293 perrexisse
1040 1216 1086 1275 ita
1105 1216 1172 1275 fere
1268 1239 1269 1246 ¹

150 1312 299 1390 perodum
317 1305 399 1388 ὑμεῖς
413 1306 468 1394 γὰρ
483 1356 645 1374 ........
664 1313 723 1374 ἴστε
740 1333 769 1373 τε
787 1306 894 1390 πάντα,
915 1311 920 1386 Ι
940 1305 1023 1390 ἡμεῖς
1037 1307 1070 1372 δὲ
1083 1309 1172 1385 κλέος

152 1401 217 1470 οἶον
244 1402 392 1488 ἀκούομεν
420 1403 490 1471 οὐδέ
512 1433 539 1470 τι
562 1409 660 1488 ἴσμεν,
687 1428 737 1471 vos
764 1413 841 1470 τασαν
868 1414 966 1470 omnia
994 1412 1086 1478 scitis,
1116 1428 1173 1470 reos
1269 1467 1270 1472 ,

151 1524 218 1568 vero
236 1505 377 1584 (sceptici)
395 1509 469 1568 αι’]αῑ
485 1525 543 1583 pro
562 1512 703 1583 comperto
720 1509 858 1568 hatenus
876 1499 929 1589 (of.
944 1525 1036 1585 supra
1054 1528 1084 1585 p.
1099 1500 1172 1589 43).
1269 1537 1270 1569 ;

641 1825 673 1885 Π

197 1934 272 2010 οἷον
297 1939 514 2027 Δημόκριτόν
536 1966 572 2008 τε
595 1945 783 2027 περίφρονα
805 1943 948 2028 ποιμένα
971 1940 1110 2028 μύθων,

197 2043 368 2134 ἀμφίνοον
394 2050 538 2133 λεσχῆνα
561 2045 641 2133 μετὰ
664 2045 848 2133 πρώτοισιν
872 2044 1033 2133 ἀνέγνων.

448 2233 568 2275 nonum
590 2232 729 2274 nnuolm
752 2231 868 2276 VERSVS

152 2331 183 2386 in
200 2350 226 2388 v.
247 2337 276 2386 1:
295 2339 317 2386 A
336 2335 388 2386 263
408 2317 648 2400 οἷονΠειρίθοόν
667 2349 697 2384 τε
717 2325 851 2399 Δρύαντά
870 2349 900 2384 τε
920 2327 1043 2400 ποιμένα
1061 2331 1139 2384 λαῶν

153 2419 183 2474 in
200 2439 226 2476 v.
247 2425 276 2476 2:
297 2426 322 2475 Δ
341 2423 392 2474 341
412 2419 449 2475 al.
468 2415 539 2488 μετὰ
557 2415 709 2489 πρώτοισιν
728 2419 837 2489 (eudem
855 2433 952 2473 versus
971 2418 1046 2487 sede)

221 2603 307 2646 ruer.
331 2586 501 2647 Laertius
519 2585 621 2663 Diog.
640 2585 684 2645 IX
699 2587 742 2647 40
765 2578 781 2647 ὁ
800 2577 929 2646 Πλάτων
952 2579 1087 2664 οὐδαμοῦ
1106 2589 1170 2664 Δη-

153 2683 293 2762 μοκρίτου
318 2678 560 2772 διαμνημονεύεμ,
589 2677 652 2743 ἀλλ’
677 2673 748 2744 οῗιδὲ
771 2680 848 2743 ἔνθα
870 2676 1018 2744 ιἰντειπεῖν
1040 2704 1067 2743 τι
1090 2676 1170 2768 αὐτῷ
1269 2685 1270 2720 ³

155 2777 229 2842 δέον
248 2780 341 2860 δῆλον
359 2774 445 2852 εἰδὼς
464 2775 504 2854 ὡς
522 2774 596 2860 πρὸς
614 2773 666 2841 τὸν
683 2775 803 2858 ἄριστον
822 2775 898 2842 οὕτω
917 2783 976 2841 τῶν
993 2774 1171 2858 φιλοσόφων
1271 2840 1272 2849 ,

154 2875 277 2956 spuens
305 2871 363 2961 (sio
386 2879 485 2940 Lumo
511 2897 566 2956 pro
595 2870 717 2959 ἔσοιτο)“
750 2871 787 2938 ὅν
809 2898 841 2958 με
864 2874 913 2939 eri
939 2877 1038 2957 Τίμων
1065 2880 1171 2939 τοῦτον

154 2973 310 3049 ἐπαινέσας
332 2970 385 3039 τὸν
406 2971 517 3055 τρόπον
540 2973 611 3055 ἔχει·
634 2968 722 3036 «οἷον
743 3007 781 3018 -—
802 2969 948 3056 ἀνέγνω».

225 3129 251 3166 v.
268 3116 282 3164 1
302 3109 471 3180 δημόαριτος
485 3109 521 3164 H
523 3107 546 3181 0
565 3108 742 3180 (compendio
760 3109 789 3164 in
809 3109 838 3163 P
851 3110 925 3166 mole
944 3109 1102 3182 intellecto)
1120 3114 1125 3179 1
1140 3129 1169 3165 τε

156 3214 211 3253 om.
224 3199 262 3270 B,
280 3218 312 3268 με
332 3199 366 3270 G,
385 3219 412 3254 τι
430 3198 495 3254 vat.
514 3204 566 3254 140
583 3200 588 3267 Ι
606 3199 777 3267 περίφρονα,
795 3195 911 3268 πήμονα
930 3195 1032 3268 μύθων
1051 3193 1171 3269 ἆμφιλό·

154 3307 212 3356 ραν
226 3288 332 3357 inopie
345 3306 375 3342 τε
390 3287 547 3357 Nietrsehe‚
566 3287 655 3343 Ber.
670 3301 693 3342 ι.
709 3286 846 3357 Qoeilenk.
861 3303 889 3341 α.
904 3286 1003 3341 Krits'k
1016 3288 1062 3342 des
1075 3287 1171 3343 Laert.

108 3408 112 3418 ·
155 3377 238 3446 Βίορ.
262 3375 359 3445 (Basil.
379 3379 460 3443 18⁷0)
478 3393 505 3446 p.
526 3381 574 3446 22,
600 3374 702 3444 quibus
726 3374 788 3430 vult
809 3365 1003 3430 Democritum
1024 3376 1172 3445 tamquam

156 3465 317 3534 mythorum
341 3464 486 3519 inimicum
510 3495 544 3506 -
568 3463 673 3518 ideireo
696 3461 783 3518 etiem
801 3462 914 3519 Platoni
936 3461 1060 3518 invisum
1080 3481 1172 3535 neque

158 3567 283 3623 unquam
300 3552 448 3608 laudarum
467 3554 503 3622 (v.
515 3551 608 3622 Diog.)
628 3581 661 3592 -
681 3551 710 3606 et
729 3550 895 3608 dialecticae
915 3566 1023 3608 osorem
1037 3553 1172 3622 deseribi3
