<?xml version="1.0" encoding="UTF-8"?>
<!DOCTYPE html PUBLIC "-//W3C//DTD XHTML 1.0 Transitional//EN"
    "http://www.w3.org/TR/xhtml1/DTD/xhtml1-transitional.dtd">
<html xmlns="http://www.w3.org/1999/xhtml" xml:lang="en" lang="en">
 <head>
  <title>
</title>
<meta http-equiv="Content-Type" content="text/html;charset=utf-8" />
  <meta name='ocr-system' content='tesseract 3.04.00' />
  <meta name='ocr-capabilities' content='ocr_page ocr_carea ocr_par ocr_line ocrx_word'/>
</head>
<body>
  <div class='ocr_page' id='page_1' title='image "./sillographorumg00wachgoog_0175.png"; bbox 0 0 2542 3996; ppageno 0'>
   <div class='ocr_carea' id='block_1_1' title="bbox 547 191 1175 256">
    <p class='ocr_par' dir='ltr' id='par_1_1' title="bbox 547 191 1175 256">
     <span class='ocr_line' id='line_1_1' title="bbox 547 191 1175 256; baseline -0.003 0"><span class='ocrx_word' id='word_1_1' title='bbox 547 227 585 236; x_wconf 89' lang='lat'>-</span> <span class='ocrx_word' id='word_1_2' title='bbox 635 191 699 256; x_wconf 82' lang='lat'><strong><em>172</em></strong></span> <span class='ocrx_word' id='word_1_3' title='bbox 746 227 788 236; x_wconf 93' lang='lat'><strong><em>—-</em></strong></span> <span class='ocrx_word' id='word_1_4' title='bbox 1050 211 1175 255; x_wconf 70' lang='lat' dir='ltr'><strong>emens</strong></span> 
     </span>
    </p>
   </div>
   <div class='ocr_carea' id='block_1_2' title="bbox 160 347 1175 1023">
    <p class='ocr_par' dir='ltr' id='par_1_2' title="bbox 160 347 1175 1023">
     <span class='ocr_line' id='line_1_2' title="bbox 162 347 1173 437; baseline -0.002 -21"><span class='ocrx_word' id='word_1_5' title='bbox 162 355 353 432; x_wconf 63' lang='lat'><strong>1850111).</strong></span> <span class='ocrx_word' id='word_1_6' title='bbox 380 347 459 437; x_wconf 84' lang='lat'>110)</span> <span class='ocrx_word' id='word_1_7' title='bbox 483 355 547 416; x_wconf 84' lang='lat' dir='ltr'><strong>sive</strong></span> <span class='ocrx_word' id='word_1_8' title='bbox 570 373 719 432; x_wconf 81' lang='lat' dir='ltr'><strong>scurrem3</strong></span> <span class='ocrx_word' id='word_1_9' title='bbox 747 359 839 432; x_wconf 74' lang='lat' dir='ltr'><strong>etque</strong></span> <span class='ocrx_word' id='word_1_10' title='bbox 866 354 923 414; x_wconf 87' lang='lat' dir='ltr'><strong><em>hoe</em></strong></span> <span class='ocrx_word' id='word_1_11' title='bbox 952 374 1074 432; x_wconf 90' lang='lat' dir='ltr'><strong>quoque</strong></span> <span class='ocrx_word' id='word_1_12' title='bbox 1101 373 1173 432; x_wconf 78' lang='lat' dir='ltr'><strong>que·</strong></span> 
     </span>
     <span class='ocr_line' id='line_1_3' title="bbox 160 444 1172 533; baseline -0.003 -20"><span class='ocrx_word' id='word_1_13' title='bbox 160 453 230 513; x_wconf 79' lang='lat' dir='ltr'><strong>drst</strong></span> <span class='ocrx_word' id='word_1_14' title='bbox 252 454 284 512; x_wconf 87' lang='lat' dir='ltr'><strong><em>in</em></strong></span> <span class='ocrx_word' id='word_1_15' title='bbox 309 453 464 513; x_wconf 69' lang='lat' dir='ltr'><strong>Soenetem</strong></span> <span class='ocrx_word' id='word_1_16' title='bbox 490 451 631 524; x_wconf 77' lang='grc' dir='ltr'><strong><em>παίζοντα</em></strong></span> <span class='ocrx_word' id='word_1_17' title='bbox 653 446 751 530; x_wconf 78' lang='grc' dir='ltr'><strong><em>πάντα</em></strong></span> <span class='ocrx_word' id='word_1_18' title='bbox 772 447 824 513; x_wconf 85' lang='grc' dir='ltr'><strong><em>τὸν</em></strong></span> <span class='ocrx_word' id='word_1_19' title='bbox 845 451 914 531; x_wconf 84' lang='grc' dir='ltr'><strong><em>βίον</em></strong></span> <span class='ocrx_word' id='word_1_20' title='bbox 937 444 980 533; x_wconf 84' lang='lat' dir='ltr'><strong><em>(v.</em></strong></span> <span class='ocrx_word' id='word_1_21' title='bbox 1004 471 1107 512; x_wconf 78' lang='lat' dir='ltr'><strong>comm.</strong></span> <span class='ocrx_word' id='word_1_22' title='bbox 1134 451 1172 510; x_wconf 72' lang='lat' dir='ltr'><strong><em>sd</em></strong></span> 
     </span>
     <span class='ocr_line' id='line_1_4' title="bbox 160 543 1175 634; baseline -0.003 -25"><span class='ocrx_word' id='word_1_23' title='bbox 160 551 196 610; x_wconf 82' lang='lat' dir='ltr'><strong><em>fr.</em></strong></span> <span class='ocrx_word' id='word_1_24' title='bbox 211 543 260 634; x_wconf 82' lang='lat' dir='ltr'><strong><em>L),</em></strong></span> <span class='ocrx_word' id='word_1_25' title='bbox 284 570 375 628; x_wconf 88' lang='lat' dir='ltr'><strong>quem</strong></span> <span class='ocrx_word' id='word_1_26' title='bbox 394 551 496 610; x_wconf 85' lang='lat' dir='ltr'><strong>Zenon</strong></span> <span class='ocrx_word' id='word_1_27' title='bbox 512 550 683 628; x_wconf 79' lang='lat' dir='ltr'><strong>Epicureus</strong></span> <span class='ocrx_word' id='word_1_28' title='bbox 706 555 786 612; x_wconf 73' lang='lat' dir='ltr'><strong>tesso</strong></span> <span class='ocrx_word' id='word_1_29' title='bbox 809 549 952 612; x_wconf 81' lang='lat' dir='ltr'><strong>Oieerone</strong></span> <span class='ocrx_word' id='word_1_30' title='bbox 975 550 1057 610; x_wconf 80' lang='lat' dir='ltr'><strong>deor.</strong></span> <span class='ocrx_word' id='word_1_31' title='bbox 1080 549 1175 612; x_wconf 58' lang='lat' dir='ltr'><strong><em>net]</em></strong></span> 
     </span>
     <span class='ocr_line' id='line_1_5' title="bbox 163 649 1173 727; baseline -0.002 -19"><span class='ocrx_word' id='word_1_32' title='bbox 163 651 218 727; x_wconf 83' lang='lat'><strong><em>34,</em></strong></span> <span class='ocrx_word' id='word_1_33' title='bbox 243 651 284 710; x_wconf 81' lang='lat'><strong><em>93</em></strong></span> <span class='ocrx_word' id='word_1_34' title='bbox 308 650 400 710; x_wconf 80' lang='grc' dir='ltr'><strong><em>λωίλκο</em></strong></span> <span class='ocrx_word' id='word_1_35' title='bbox 421 651 507 709; x_wconf 79' lang='lat' dir='ltr'><strong>verbo</strong></span> <span class='ocrx_word' id='word_1_36' title='bbox 529 654 613 709; x_wconf 78' lang='grc' dir='ltr'><strong><em>αίικε</em></strong></span> <span class='ocrx_word' id='word_1_37' title='bbox 634 667 769 710; x_wconf 74' lang='lat' dir='ltr'><strong><em>scurram</em></strong></span> <span class='ocrx_word' id='word_1_38' title='bbox 793 652 912 709; x_wconf 69' lang='grc' dir='ltr'><strong><em>πίλναται</em></strong></span> <span class='ocrx_word' id='word_1_39' title='bbox 937 650 1030 722; x_wconf 69' lang='grc' dir='ltr'><strong><em>μάκει</em></strong></span> <span class='ocrx_word' id='word_1_40' title='bbox 1051 649 1173 717; x_wconf 63' lang='grc' dir='ltr'><strong><em>ἀκουαί·</em></strong></span> 
     </span>
     <span class='ocr_line' id='line_1_6' title="bbox 162 739 1174 824; baseline -0.002 -18"><span class='ocrx_word' id='word_1_41' title='bbox 162 747 214 806; x_wconf 87' lang='lat' dir='ltr'><strong><em>sed</em></strong></span> <span class='ocrx_word' id='word_1_42' title='bbox 245 746 294 805; x_wconf 83' lang='lat' dir='ltr'><strong><em>hie</em></strong></span> <span class='ocrx_word' id='word_1_43' title='bbox 327 749 364 806; x_wconf 73' lang='lat' dir='ltr'><strong><em>ut</em></strong></span> <span class='ocrx_word' id='word_1_44' title='bbox 389 750 472 806; x_wconf 79' lang='lat' dir='ltr'><strong>reete</strong></span> <span class='ocrx_word' id='word_1_45' title='bbox 502 747 723 824; x_wconf 67' lang='lat' dir='ltr'><strong>inserpretstur</strong></span> <span class='ocrx_word' id='word_1_46' title='bbox 750 745 861 807; x_wconf 72' lang='lat' dir='ltr'><strong>Sextus</strong></span> <span class='ocrx_word' id='word_1_47' title='bbox 889 746 1002 806; x_wconf 72' lang='lat' dir='ltr'><strong>dieitur</strong></span> <span class='ocrx_word' id='word_1_48' title='bbox 1028 739 1174 824; x_wconf 66' lang='grc' dir='ltr'><strong><em>ἠθολόγος</em></strong></span> 
     </span>
     <span class='ocr_line' id='line_1_7' title="bbox 162 835 1174 925; baseline -0.003 -21"><span class='ocrx_word' id='word_1_49' title='bbox 162 844 255 904; x_wconf 72' lang='lat' dir='ltr'><strong>etiem</strong></span> <span class='ocrx_word' id='word_1_50' title='bbox 281 843 370 904; x_wconf 91' lang='lat' dir='ltr'>homo</span> <span class='ocrx_word' id='word_1_51' title='bbox 398 844 437 903; x_wconf 84' lang='lat' dir='ltr'><strong><em>de</em></strong></span> <span class='ocrx_word' id='word_1_52' title='bbox 465 844 572 904; x_wconf 76' lang='lat' dir='ltr'><strong>ethieis</strong></span> <span class='ocrx_word' id='word_1_53' title='bbox 596 844 668 904; x_wconf 80' lang='lat' dir='ltr'><strong>solis</strong></span> <span class='ocrx_word' id='word_1_54' title='bbox 691 843 781 904; x_wconf 86' lang='lat' dir='ltr'><strong>rebus</strong></span> <span class='ocrx_word' id='word_1_55' title='bbox 804 845 972 921; x_wconf 74' lang='lat' dir='ltr'><strong>disputans.</strong></span> <span class='ocrx_word' id='word_1_56' title='bbox 1019 835 1174 925; x_wconf 84' lang='lat' dir='ltr'><strong>(Zimmer-</strong></span> 
     </span>
     <span class='ocr_line' id='line_1_8' title="bbox 162 934 1102 1023; baseline 0.001 -23"><span class='ocrx_word' id='word_1_57' title='bbox 162 960 307 1001; x_wconf 81' lang='lat' dir='ltr'><strong>mannum</strong></span> <span class='ocrx_word' id='word_1_58' title='bbox 330 943 350 1000; x_wconf 92' lang='grc'><strong><em>1.</em></strong></span> <span class='ocrx_word' id='word_1_59' title='bbox 374 959 396 1001; x_wconf 79' lang='lat' dir='ltr'><strong><em>s.</em></strong></span> <span class='ocrx_word' id='word_1_60' title='bbox 420 946 526 1003; x_wconf 77' lang='lat' dir='ltr'><strong>eontra</strong></span> <span class='ocrx_word' id='word_1_61' title='bbox 548 961 596 1000; x_wconf 90' lang='lat' dir='ltr'><strong><em>me</em></strong></span> <span class='ocrx_word' id='word_1_62' title='bbox 618 942 826 1020; x_wconf 73' lang='lat' dir='ltr'><strong>disputantem</strong></span> <span class='ocrx_word' id='word_1_63' title='bbox 851 961 911 1001; x_wconf 89' lang='lat' dir='ltr'><strong><em>non</em></strong></span> <span class='ocrx_word' id='word_1_64' title='bbox 935 934 1102 1023; x_wconf 70' lang='lat' dir='ltr'><strong>assequor.)</strong></span> 
     </span>
    </p>
   </div>
   <div class='ocr_carea' id='block_1_3' title="bbox 564 1099 777 1108">
    <p class='ocr_par' dir='ltr' id='par_1_3' title="bbox 564 1099 777 1108">
     <span class='ocr_line' id='line_1_9' title="bbox 564 1099 777 1108; baseline 0.005 -3"><span class='ocrx_word' id='word_1_65' title='bbox 564 1099 777 1108; x_wconf 72' lang='lat'>—-.-.-.-.--—</span> 
     </span>
    </p>
   </div>
   <div class='ocr_carea' id='block_1_4' title="bbox 209 1217 1177 1428">
    <p class='ocr_par' dir='ltr' id='par_1_4' title="bbox 209 1217 1177 1428">
     <span class='ocr_line' id='line_1_10' title="bbox 522 1217 815 1309; baseline 0.01 -26"><span class='ocrx_word' id='word_1_66' title='bbox 522 1225 580 1284; x_wconf 89' lang='lat' dir='ltr'><strong><em>LII</em></strong></span> <span class='ocrx_word' id='word_1_67' title='bbox 603 1217 659 1307; x_wconf 81' lang='lat'><strong><em>(51</em></strong></span> <span class='ocrx_word' id='word_1_68' title='bbox 680 1218 815 1309; x_wconf 80' lang='grc' dir='ltr'><strong><em>μτοοοδ.)</em></strong></span> 
     </span>
     <span class='ocr_line' id='line_1_11' title="bbox 209 1336 1177 1428; baseline 0.002 -22"><span class='ocrx_word' id='word_1_69' title='bbox 209 1337 254 1418; x_wconf 80' lang='grc' dir='ltr'><strong><em>ὡς</em></strong></span> <span class='ocrx_word' id='word_1_70' title='bbox 272 1336 451 1407; x_wconf 78' lang='grc' dir='ltr'><strong><em>ἀνέπλαττε</em></strong></span> <span class='ocrx_word' id='word_1_71' title='bbox 470 1340 615 1409; x_wconf 79' lang='grc' dir='ltr'><strong><em>Πλάτων</em></strong></span> <span class='ocrx_word' id='word_1_72' title='bbox 635 1339 653 1409; x_wconf 88' lang='grc' dir='ltr'>ὁ</span> <span class='ocrx_word' id='word_1_73' title='bbox 672 1342 886 1428; x_wconf 78' lang='grc' dir='ltr'><strong><em>πεπλασμένα</em></strong></span> <span class='ocrx_word' id='word_1_74' title='bbox 905 1340 1065 1427; x_wconf 80' lang='grc' dir='ltr'><strong><em>θαύματα</em></strong></span> <span class='ocrx_word' id='word_1_75' title='bbox 1083 1338 1177 1419; x_wconf 81' lang='grc' dir='ltr'><strong><em>είδοός</em></strong></span> 
     </span>
    </p>
   </div>
   <div class='ocr_carea' id='block_1_5' title="bbox 162 1517 1255 3479">
    <p class='ocr_par' dir='ltr' id='par_1_5' title="bbox 162 1517 1255 3266">
     <span class='ocr_line' id='line_1_12' title="bbox 232 1517 1178 1603; baseline 0.001 -20"><span class='ocrx_word' id='word_1_76' title='bbox 232 1542 317 1584; x_wconf 73' lang='lat' dir='ltr'><strong>ense.</strong></span> <span class='ocrx_word' id='word_1_77' title='bbox 340 1524 551 1586; x_wconf 77' lang='lat' dir='ltr'><strong>Athenaeus</strong></span> <span class='ocrx_word' id='word_1_78' title='bbox 570 1526 613 1586; x_wconf 89' lang='lat' dir='ltr'><strong><em>XI</em></strong></span> <span class='ocrx_word' id='word_1_79' title='bbox 630 1547 659 1603; x_wconf 88' lang='lat' dir='ltr'><strong><em>p.</em></strong></span> <span class='ocrx_word' id='word_1_80' title='bbox 675 1527 753 1586; x_wconf 79' lang='lat'>505⁰</span> <span class='ocrx_word' id='word_1_81' title='bbox 776 1521 859 1587; x_wconf 84' lang='grc' dir='ltr'><strong><em>ἀλλοι</em></strong></span> <span class='ocrx_word' id='word_1_82' title='bbox 883 1521 915 1585; x_wconf 79' lang='grc' dir='ltr'><strong><em>δέ</em></strong></span> <span class='ocrx_word' id='word_1_83' title='bbox 934 1543 1027 1602; x_wconf 85' lang='grc' dir='ltr'><strong><em>φασιν</em></strong></span> <span class='ocrx_word' id='word_1_84' title='bbox 1051 1517 1091 1597; x_wconf 79' lang='grc' dir='ltr'><strong><em>ἀς</em></strong></span> <span class='ocrx_word' id='word_1_85' title='bbox 1109 1519 1178 1585; x_wconf 90' lang='grc' dir='ltr'><strong><em>ἀνα-</em></strong></span> 
     </span>
     <span class='ocr_line' id='line_1_13' title="bbox 163 1614 1180 1705; baseline 0.001 -23"><span class='ocrx_word' id='word_1_86' title='bbox 163 1614 254 1699; x_wconf 83' lang='grc' dir='ltr'><strong><em>γνούς</em></strong></span> <span class='ocrx_word' id='word_1_87' title='bbox 284 1615 300 1684; x_wconf 85' lang='grc' dir='ltr'><strong><em>δ</em></strong></span> <span class='ocrx_word' id='word_1_88' title='bbox 329 1625 455 1704; x_wconf 82' lang='grc' dir='ltr'><strong><em>Γοργίας</em></strong></span> <span class='ocrx_word' id='word_1_89' title='bbox 487 1618 539 1685; x_wconf 88' lang='grc' dir='ltr'><strong><em>τὸν</em></strong></span> <span class='ocrx_word' id='word_1_90' title='bbox 566 1615 728 1696; x_wconf 87' lang='grc' dir='ltr'><strong><em>Πλάτωνος</em></strong></span> <span class='ocrx_word' id='word_1_91' title='bbox 760 1619 899 1704; x_wconf 78' lang='grc' dir='ltr'><strong><em>διάλογον</em></strong></span> <span class='ocrx_word' id='word_1_92' title='bbox 933 1615 1180 1705; x_wconf 77' lang='lat' dir='ltr'><strong>(homonymum)</strong></span> 
     </span>
     <span class='ocr_line' id='line_1_14' title="bbox 163 1711 1180 1799; baseline 0.004 -23"><span class='ocrx_word' id='word_1_93' title='bbox 163 1711 239 1797; x_wconf 84' lang='grc' dir='ltr'><strong><em>πρὸς</em></strong></span> <span class='ocrx_word' id='word_1_94' title='bbox 260 1713 330 1792; x_wconf 81' lang='grc' dir='ltr'><strong><em>τούς</em></strong></span> <span class='ocrx_word' id='word_1_95' title='bbox 352 1714 500 1799; x_wconf 81' lang='grc' dir='ltr'><strong><em>παρόντας</em></strong></span> <span class='ocrx_word' id='word_1_96' title='bbox 518 1714 600 1782; x_wconf 77' lang='grc' dir='ltr'><strong><em>εἶπεν</em></strong></span> <span class='ocrx_word' id='word_1_97' title='bbox 618 1716 662 1782; x_wconf 79' lang='grc' dir='ltr'><strong><em>ὅτι</em></strong></span> <span class='ocrx_word' id='word_1_98' title='bbox 681 1715 771 1783; x_wconf 79' lang='grc' dir='ltr'><strong><em>οάδδν</em></strong></span> <span class='ocrx_word' id='word_1_99' title='bbox 789 1716 902 1783; x_wconf 89' lang='grc' dir='ltr'><strong><em>τούτων</em></strong></span> <span class='ocrx_word' id='word_1_100' title='bbox 925 1715 991 1782; x_wconf 82' lang='grc' dir='ltr'><strong><em>ούτε</em></strong></span> <span class='ocrx_word' id='word_1_101' title='bbox 1014 1713 1097 1782; x_wconf 79' lang='grc' dir='ltr'><strong><em>εἶπεν</em></strong></span> <span class='ocrx_word' id='word_1_102' title='bbox 1116 1716 1180 1783; x_wconf 87' lang='grc' dir='ltr'><strong><em>ούτε</em></strong></span> 
     </span>
     <span class='ocr_line' id='line_1_15' title="bbox 162 1809 1181 1898; baseline 0.002 -23"><span class='ocrx_word' id='word_1_103' title='bbox 162 1809 281 1892; x_wconf 81' lang='grc' dir='ltr'><strong><em>ἥκουσι,</em></strong></span> <span class='ocrx_word' id='word_1_104' title='bbox 318 1811 408 1878; x_wconf 80' lang='grc' dir='ltr'><strong><em>ταύτά</em></strong></span> <span class='ocrx_word' id='word_1_105' title='bbox 427 1835 500 1895; x_wconf 87' lang='grc' dir='ltr'><strong><em>φασι</em></strong></span> <span class='ocrx_word' id='word_1_106' title='bbox 518 1815 569 1878; x_wconf 81' lang='grc' dir='ltr'><strong><em>καὶ</em></strong></span> <span class='ocrx_word' id='word_1_107' title='bbox 584 1818 727 1879; x_wconf 78' lang='grc' dir='ltr'><strong><em>Φαίδωνα</em></strong></span> <span class='ocrx_word' id='word_1_108' title='bbox 746 1817 840 1879; x_wconf 86' lang='grc' dir='ltr'><strong><em>εἰπεῖν</em></strong></span> <span class='ocrx_word' id='word_1_109' title='bbox 860 1811 1027 1898; x_wconf 73' lang='grc' dir='ltr'><strong><em>ἀναγνόντα</em></strong></span> <span class='ocrx_word' id='word_1_110' title='bbox 1045 1811 1098 1879; x_wconf 81' lang='grc' dir='ltr'><strong><em>τόν</em></strong></span> <span class='ocrx_word' id='word_1_111' title='bbox 1116 1815 1181 1896; x_wconf 79' lang='grc' dir='ltr'><strong><em>περὶ</em></strong></span> 
     </span>
     <span class='ocr_line' id='line_1_16' title="bbox 163 1907 1181 1996; baseline 0.004 -24"><span class='ocrx_word' id='word_1_112' title='bbox 163 1916 273 1992; x_wconf 80' lang='grc' dir='ltr'><strong><em>ψυχῆς.</em></strong></span> <span class='ocrx_word' id='word_1_113' title='bbox 308 1908 355 1974; x_wconf 88' lang='grc' dir='ltr'><strong><em>διδ</em></strong></span> <span class='ocrx_word' id='word_1_114' title='bbox 374 1918 471 1986; x_wconf 81' lang='grc' dir='ltr'><strong><em>καλῶς</em></strong></span> <span class='ocrx_word' id='word_1_115' title='bbox 490 1907 505 1976; x_wconf 82' lang='grc' dir='ltr'>ὁ</span> <span class='ocrx_word' id='word_1_116' title='bbox 523 1916 623 1993; x_wconf 89' lang='grc' dir='ltr'><strong><em>Τίμων</em></strong></span> <span class='ocrx_word' id='word_1_117' title='bbox 641 1914 708 1996; x_wconf 74' lang='grc' dir='ltr'><strong><em>περὶ</em></strong></span> <span class='ocrx_word' id='word_1_118' title='bbox 726 1909 819 1977; x_wconf 74' lang='grc' dir='ltr'><strong><em>αὐτοῦ</em></strong></span> <span class='ocrx_word' id='word_1_119' title='bbox 837 1913 909 1994; x_wconf 71' lang='grc' dir='ltr'><strong><em>ἔφη·</em></strong></span> <span class='ocrx_word' id='word_1_120' title='bbox 929 1907 991 1987; x_wconf 75' lang='grc' dir='ltr'><strong><em>«ἀς</em></strong></span> <span class='ocrx_word' id='word_1_121' title='bbox 1006 1947 1044 1956; x_wconf 92' lang='grc'><strong>-</strong></span> <span class='ocrx_word' id='word_1_122' title='bbox 1063 1909 1181 1988; x_wconf 73' lang='grc' dir='ltr'><strong><em>εἰδούς».</em></strong></span> 
     </span>
     <span class='ocr_line' id='line_1_17' title="bbox 164 2004 1181 2094; baseline 0.005 -26"><span class='ocrx_word' id='word_1_123' title='bbox 164 2010 338 2092; x_wconf 88' lang='grc' dir='ltr'><strong><em>Παρμενίδη</em></strong></span> <span class='ocrx_word' id='word_1_124' title='bbox 362 2008 415 2090; x_wconf 81' lang='grc' dir='ltr'><strong><em>μὲν</em></strong></span> <span class='ocrx_word' id='word_1_125' title='bbox 437 2007 493 2092; x_wconf 84' lang='grc' dir='ltr'><strong><em>γάρ</em></strong></span> <span class='ocrx_word' id='word_1_126' title='bbox 511 2011 561 2072; x_wconf 84' lang='grc' dir='ltr'><strong><em>καὶ</em></strong></span> <span class='ocrx_word' id='word_1_127' title='bbox 579 2011 679 2073; x_wconf 81' lang='grc' dir='ltr'><strong><em>ἐλθεῖν</em></strong></span> <span class='ocrx_word' id='word_1_128' title='bbox 697 2012 739 2086; x_wconf 87' lang='grc' dir='ltr'><strong><em>είς</em></strong></span> <span class='ocrx_word' id='word_1_129' title='bbox 757 2004 864 2094; x_wconf 81' lang='grc' dir='ltr'><strong><em>λόγους</em></strong></span> <span class='ocrx_word' id='word_1_130' title='bbox 881 2007 933 2073; x_wconf 83' lang='grc' dir='ltr'><strong><em>τόν</em></strong></span> <span class='ocrx_word' id='word_1_131' title='bbox 951 2015 1004 2073; x_wconf 77' lang='grc' dir='ltr'><strong><em>τοῦ</em></strong></span> <span class='ocrx_word' id='word_1_132' title='bbox 1017 2006 1181 2084; x_wconf 88' lang='grc' dir='ltr'><strong><em>Πλάτωνος</em></strong></span> 
     </span>
     <span class='ocr_line' id='line_1_18' title="bbox 164 2101 1181 2191; baseline 0.005 -24"><span class='ocrx_word' id='word_1_133' title='bbox 164 2101 329 2187; x_wconf 77' lang='grc' dir='ltr'><strong><em>Σωκράτην</em></strong></span> <span class='ocrx_word' id='word_1_134' title='bbox 352 2103 434 2186; x_wconf 85' lang='grc' dir='ltr'><strong><em>μόλις</em></strong></span> <span class='ocrx_word' id='word_1_135' title='bbox 456 2103 476 2187; x_wconf 80' lang='grc' dir='ltr'><em>ἡ</em></span> <span class='ocrx_word' id='word_1_136' title='bbox 499 2103 597 2188; x_wconf 79' lang='grc' dir='ltr'><strong><em>ἡλικία</em></strong></span> <span class='ocrx_word' id='word_1_137' title='bbox 620 2115 776 2191; x_wconf 81' lang='grc' dir='ltr'><strong><em>συγχωρεῖ,</em></strong></span> <span class='ocrx_word' id='word_1_138' title='bbox 807 2105 862 2190; x_wconf 84' lang='grc' dir='ltr'><strong><em>ούχ</em></strong></span> <span class='ocrx_word' id='word_1_139' title='bbox 885 2104 925 2183; x_wconf 80' lang='grc' dir='ltr'><strong><em>ὦς</em></strong></span> <span class='ocrx_word' id='word_1_140' title='bbox 947 2108 997 2170; x_wconf 79' lang='grc' dir='ltr'><strong><em>καί</em></strong></span> <span class='ocrx_word' id='word_1_141' title='bbox 1019 2106 1181 2183; x_wconf 79' lang='grc' dir='ltr'><strong><em>τοσούτους</em></strong></span> 
     </span>
     <span class='ocr_line' id='line_1_19' title="bbox 164 2198 1255 2288; baseline 0.005 -24"><span class='ocrx_word' id='word_1_142' title='bbox 164 2204 257 2265; x_wconf 80' lang='grc' dir='ltr'><strong><em>εἰπεῖν</em></strong></span> <span class='ocrx_word' id='word_1_143' title='bbox 279 2198 300 2284; x_wconf 74' lang='grc' dir='ltr'>ἢ</span> <span class='ocrx_word' id='word_1_144' title='bbox 323 2199 449 2268; x_wconf 81' lang='grc' dir='ltr'><strong><em>ἀκοῦσαι</em></strong></span> <span class='ocrx_word' id='word_1_145' title='bbox 477 2200 590 2288; x_wconf 89' lang='grc' dir='ltr'><strong><em>λόγους.</em></strong></span> <span class='ocrx_word' id='word_1_146' title='bbox 635 2203 668 2268; x_wconf 86' lang='grc' dir='ltr'><strong><em>τό</em></strong></span> <span class='ocrx_word' id='word_1_147' title='bbox 698 2204 730 2268; x_wconf 83' lang='grc' dir='ltr'><strong><em>δὲ</em></strong></span> <span class='ocrx_word' id='word_1_148' title='bbox 757 2203 877 2268; x_wconf 90' lang='grc' dir='ltr'><strong><em>πάντων</em></strong></span> <span class='ocrx_word' id='word_1_149' title='bbox 906 2201 1109 2286; x_wconf 71' lang='grc' dir='ltr'><strong><em>σχετλιώτερον</em></strong></span> <span class='ocrx_word' id='word_1_150' title='bbox 1133 2205 1182 2268; x_wconf 86' lang='grc' dir='ltr'><strong><em>καί</em></strong></span> <span class='ocrx_word' id='word_1_151' title='bbox 1254 2255 1255 2270; x_wconf 39' lang='grc' dir='ltr'><strong><em>ι</em></strong></span> 
     </span>
     <span class='ocr_line' id='line_1_20' title="bbox 165 2290 1255 2386; baseline 0.002 -24"><span class='ocrx_word' id='word_1_152' title='bbox 165 2295 197 2365; x_wconf 84' lang='grc' dir='ltr'><strong><em>τὸ</em></strong></span> <span class='ocrx_word' id='word_1_153' title='bbox 220 2303 312 2364; x_wconf 79' lang='grc' dir='ltr'><strong><em>εἰπεῖν</em></strong></span> <span class='ocrx_word' id='word_1_154' title='bbox 335 2299 477 2384; x_wconf 77' lang='grc' dir='ltr'><strong><em>οὐδεμιᾶς</em></strong></span> <span class='ocrx_word' id='word_1_155' title='bbox 500 2298 725 2385; x_wconf 72' lang='grc' dir='ltr'><strong><em>κατεπειγούσης</em></strong></span> <span class='ocrx_word' id='word_1_156' title='bbox 744 2305 840 2386; x_wconf 82' lang='grc' dir='ltr'><strong><em>χρείας</em></strong></span> <span class='ocrx_word' id='word_1_157' title='bbox 859 2299 903 2366; x_wconf 82' lang='grc' dir='ltr'><strong><em>ότι</em></strong></span> <span class='ocrx_word' id='word_1_158' title='bbox 921 2290 1045 2364; x_wconf 84' lang='grc' dir='ltr'><strong><em>παιδικά</em></strong></span> <span class='ocrx_word' id='word_1_159' title='bbox 1064 2299 1183 2385; x_wconf 88' lang='grc' dir='ltr'><strong><em>γεγόνοι</em></strong></span> <span class='ocrx_word' id='word_1_160' title='bbox 1254 2307 1255 2318; x_wconf 74' lang='grc'>’</span> 
     </span>
     <span class='ocr_line' id='line_1_21' title="bbox 164 2395 1255 2482; baseline 0.005 -21"><span class='ocrx_word' id='word_1_161' title='bbox 164 2403 217 2462; x_wconf 79' lang='grc' dir='ltr'><strong><em>τοῦ</em></strong></span> <span class='ocrx_word' id='word_1_162' title='bbox 239 2401 432 2480; x_wconf 87' lang='grc' dir='ltr'><strong><em>Παρμενίδου</em></strong></span> <span class='ocrx_word' id='word_1_163' title='bbox 450 2397 559 2482; x_wconf 63' lang='grc' dir='ltr'><strong><em>ἰαίνων</em></strong></span> <span class='ocrx_word' id='word_1_164' title='bbox 582 2395 598 2464; x_wconf 84' lang='grc' dir='ltr'><strong><em>ό</em></strong></span> <span class='ocrx_word' id='word_1_165' title='bbox 621 2402 741 2481; x_wconf 82' lang='grc' dir='ltr'><strong><em>πολίτης</em></strong></span> <span class='ocrx_word' id='word_1_166' title='bbox 763 2397 864 2465; x_wconf 83' lang='grc' dir='ltr'><strong><em>αύτού.</em></strong></span> <span class='ocrx_word' id='word_1_167' title='bbox 902 2396 1054 2463; x_wconf 89' lang='grc' dir='ltr'><strong><em>ἀδύνατον</em></strong></span> <span class='ocrx_word' id='word_1_168' title='bbox 1078 2398 1111 2462; x_wconf 81' lang='grc' dir='ltr'><strong><em>δδ</em></strong></span> <span class='ocrx_word' id='word_1_169' title='bbox 1133 2400 1183 2462; x_wconf 79' lang='grc' dir='ltr'><strong><em>καὶ</em></strong></span> <span class='ocrx_word' id='word_1_170' title='bbox 1254 2411 1255 2466; x_wconf 62' lang='grc' dir='ltr'>ζ</span> 
     </span>
     <span class='ocr_line' id='line_1_22' title="bbox 167 2487 1255 2580; baseline 0.002 -23"><span class='ocrx_word' id='word_1_171' title='bbox 167 2497 301 2577; x_wconf 88' lang='grc' dir='ltr'><strong><em>Φαῖδρον</em></strong></span> <span class='ocrx_word' id='word_1_172' title='bbox 319 2492 356 2559; x_wconf 84' lang='grc' dir='ltr'><strong><em>ού</em></strong></span> <span class='ocrx_word' id='word_1_173' title='bbox 371 2495 464 2576; x_wconf 91' lang='grc' dir='ltr'><strong><em>μόνον</em></strong></span> <span class='ocrx_word' id='word_1_174' title='bbox 482 2493 555 2560; x_wconf 82' lang='grc' dir='ltr'><strong><em>κατὰ</em></strong></span> <span class='ocrx_word' id='word_1_175' title='bbox 569 2495 734 2579; x_wconf 81' lang='grc' dir='ltr'><strong><em>Σωκράτην</em></strong></span> <span class='ocrx_word' id='word_1_176' title='bbox 757 2494 846 2577; x_wconf 83' lang='grc' dir='ltr'><strong><em>εἶναι,</em></strong></span> <span class='ocrx_word' id='word_1_177' title='bbox 869 2489 888 2578; x_wconf 79' lang='grc' dir='ltr'><strong><em>ἦ</em></strong></span> <span class='ocrx_word' id='word_1_178' title='bbox 907 2493 970 2560; x_wconf 91' lang='grc' dir='ltr'><strong><em>πού</em></strong></span> <span class='ocrx_word' id='word_1_179' title='bbox 986 2521 1019 2580; x_wconf 88' lang='grc' dir='ltr'><strong><em>γε</em></strong></span> <span class='ocrx_word' id='word_1_180' title='bbox 1041 2497 1093 2559; x_wconf 79' lang='grc' dir='ltr'><strong><em>καί</em></strong></span> <span class='ocrx_word' id='word_1_181' title='bbox 1109 2493 1182 2578; x_wconf 75' lang='grc' dir='ltr'><strong><em>ἔροό-</em></strong></span> <span class='ocrx_word' id='word_1_182' title='bbox 1254 2487 1255 2518; x_wconf 62' lang='lat'>³</span> 
     </span>
     <span class='ocr_line' id='line_1_23' title="bbox 165 2589 1183 2678; baseline 0.002 -24"><span class='ocrx_word' id='word_1_183' title='bbox 165 2615 256 2672; x_wconf 81' lang='grc' dir='ltr'><strong><em>μενον</em></strong></span> <span class='ocrx_word' id='word_1_184' title='bbox 278 2589 370 2656; x_wconf 71' lang='grc' dir='ltr'><strong><em>αὐτοῦ</em></strong></span> <span class='ocrx_word' id='word_1_185' title='bbox 393 2593 546 2677; x_wconf 79' lang='grc' dir='ltr'><strong><em>γεγονέναι</em></strong></span> <span class='ocrx_word' id='word_1_186' title='bbox 666 2593 760 2660; x_wconf 89' lang='grc' dir='ltr'><strong><em>πολλά</em></strong></span> <span class='ocrx_word' id='word_1_187' title='bbox 783 2593 811 2658; x_wconf 90' lang='grc' dir='ltr'><strong><em>δ’</em></strong></span> <span class='ocrx_word' id='word_1_188' title='bbox 838 2596 897 2658; x_wconf 72' lang='grc' dir='ltr'><strong><em>ἔστι</em></strong></span> <span class='ocrx_word' id='word_1_189' title='bbox 918 2595 967 2656; x_wconf 72' lang='grc' dir='ltr'><strong><em>καί</em></strong></span> <span class='ocrx_word' id='word_1_190' title='bbox 992 2591 1066 2656; x_wconf 83' lang='grc' dir='ltr'><strong><em>ἀλλα</em></strong></span> <span class='ocrx_word' id='word_1_191' title='bbox 1089 2593 1183 2678; x_wconf 78' lang='grc' dir='ltr'><strong><em>λέγειν</em></strong></span> 
     </span>
     <span class='ocr_line' id='line_1_24' title="bbox 165 2685 1255 2774; baseline 0.003 -25"><span class='ocrx_word' id='word_1_192' title='bbox 165 2688 231 2769; x_wconf 75' lang='grc' dir='ltr'><strong><em>περὶ</em></strong></span> <span class='ocrx_word' id='word_1_193' title='bbox 244 2685 337 2752; x_wconf 77' lang='grc' dir='ltr'><strong><em>αὐτοῦ</em></strong></span> <span class='ocrx_word' id='word_1_194' title='bbox 355 2690 405 2752; x_wconf 82' lang='grc' dir='ltr'><strong><em>καὶ</em></strong></span> <span class='ocrx_word' id='word_1_195' title='bbox 424 2687 576 2754; x_wconf 87' lang='grc' dir='ltr'><strong><em>δεικνύναι</em></strong></span> <span class='ocrx_word' id='word_1_196' title='bbox 595 2687 634 2768; x_wconf 79' lang='grc' dir='ltr'><strong><em>ὦς</em></strong></span> <span class='ocrx_word' id='word_1_197' title='bbox 651 2693 768 2756; x_wconf 72' lang='grc' dir='ltr'><strong><em>ἔπλαττε</em></strong></span> <span class='ocrx_word' id='word_1_198' title='bbox 786 2690 856 2768; x_wconf 82' lang='grc' dir='ltr'><strong><em>τούς</em></strong></span> <span class='ocrx_word' id='word_1_199' title='bbox 874 2688 1041 2774; x_wconf 82' lang='grc' dir='ltr'><strong><em>δλαλόγους.</em></strong></span> <span class='ocrx_word' id='word_1_200' title='bbox 1071 2694 1181 2754; x_wconf 64' lang='lat' dir='ltr'><strong>Inser—</strong></span> <span class='ocrx_word' id='word_1_201' title='bbox 1254 2703 1255 2710; x_wconf 77' lang='grc'>’</span> 
     </span>
     <span class='ocr_line' id='line_1_25' title="bbox 165 2785 1182 2872; baseline 0.003 -23"><span class='ocrx_word' id='word_1_202' title='bbox 165 2788 241 2849; x_wconf 77' lang='lat' dir='ltr'><strong>tius</strong></span> <span class='ocrx_word' id='word_1_203' title='bbox 264 2788 365 2868; x_wconf 81' lang='lat' dir='ltr'>Diog.</span> <span class='ocrx_word' id='word_1_204' title='bbox 389 2790 437 2851; x_wconf 85' lang='grc' dir='ltr'><strong><em>ΠΙ</em></strong></span> <span class='ocrx_word' id='word_1_205' title='bbox 461 2794 502 2851; x_wconf 81' lang='grc'><strong><em>26</em></strong></span> <span class='ocrx_word' id='word_1_206' title='bbox 532 2785 605 2852; x_wconf 87' lang='grc' dir='ltr'><strong><em>ἀλλά</em></strong></span> <span class='ocrx_word' id='word_1_207' title='bbox 632 2791 682 2853; x_wconf 78' lang='grc' dir='ltr'><strong><em>καὶ</em></strong></span> <span class='ocrx_word' id='word_1_208' title='bbox 708 2793 808 2871; x_wconf 88' lang='grc' dir='ltr'><strong><em>Τίμων</em></strong></span> <span class='ocrx_word' id='word_1_209' title='bbox 836 2785 941 2854; x_wconf 82' lang='grc' dir='ltr'><strong><em>ούτωσί</em></strong></span> <span class='ocrx_word' id='word_1_210' title='bbox 967 2813 1182 2872; x_wconf 91' lang='grc' dir='ltr'><strong><em>παραγραμμα-</em></strong></span> 
     </span>
     <span class='ocr_line' id='line_1_26' title="bbox 164 2881 1180 2973; baseline 0.002 -27"><span class='ocrx_word' id='word_1_211' title='bbox 164 2886 250 2960; x_wconf 82' lang='grc' dir='ltr'><strong><em>τίζων</em></strong></span> <span class='ocrx_word' id='word_1_212' title='bbox 274 2881 382 2948; x_wconf 81' lang='grc' dir='ltr'><strong><em>αὐτόν·</em></strong></span> <span class='ocrx_word' id='word_1_213' title='bbox 406 2881 467 2962; x_wconf 77' lang='grc' dir='ltr'><strong><em>«ὦς</em></strong></span> <span class='ocrx_word' id='word_1_214' title='bbox 482 2921 523 2930; x_wconf 87' lang='lat'><strong><em>-—</em></strong></span> <span class='ocrx_word' id='word_1_215' title='bbox 541 2884 656 2963; x_wconf 81' lang='grc' dir='ltr'><strong><em>εἶδός».</em></strong></span> <span class='ocrx_word' id='word_1_216' title='bbox 695 2883 778 2973; x_wconf 83' lang='lat' dir='ltr'><strong>(inde</strong></span> <span class='ocrx_word' id='word_1_217' title='bbox 803 2891 934 2950; x_wconf 80' lang='lat' dir='ltr'><strong>Suidns</strong></span> <span class='ocrx_word' id='word_1_218' title='bbox 957 2911 984 2952; x_wconf 84' lang='lat' dir='ltr'><strong><em>v.</em></strong></span> <span class='ocrx_word' id='word_1_219' title='bbox 1008 2910 1180 2969; x_wconf 88' lang='grc' dir='ltr'><strong><em>παραγραμ-</em></strong></span> 
     </span>
     <span class='ocr_line' id='line_1_27' title="bbox 165 2979 1179 3069; baseline 0.002 -25"><span class='ocrx_word' id='word_1_220' title='bbox 165 2985 303 3061; x_wconf 81' lang='grc' dir='ltr'><strong><em>ματίζων·</em></strong></span> <span class='ocrx_word' id='word_1_221' title='bbox 338 2987 438 3064; x_wconf 88' lang='grc' dir='ltr'><strong><em>Τίμων</em></strong></span> <span class='ocrx_word' id='word_1_222' title='bbox 465 2979 570 3048; x_wconf 72' lang='grc' dir='ltr'><strong><em>οὑτωσί</em></strong></span> <span class='ocrx_word' id='word_1_223' title='bbox 592 2989 891 3069; x_wconf 82' lang='grc' dir='ltr'><strong><em>παραγραμματίζων·</em></strong></span> <span class='ocrx_word' id='word_1_224' title='bbox 921 2981 984 3062; x_wconf 69' lang='grc' dir='ltr'><strong><em>σάς</em></strong></span> <span class='ocrx_word' id='word_1_225' title='bbox 1008 3019 1047 3029; x_wconf 93' lang='grc'><strong>-</strong></span> <span class='ocrx_word' id='word_1_226' title='bbox 1073 2982 1179 3060; x_wconf 71' lang='grc' dir='ltr'><strong><em>εἰδούς»</em></strong></span> 
     </span>
     <span class='ocr_line' id='line_1_28' title="bbox 166 3082 1180 3164; baseline 0.004 -24"><span class='ocrx_word' id='word_1_227' title='bbox 166 3086 197 3141; x_wconf 83' lang='lat' dir='ltr'><strong><em>et</em></strong></span> <span class='ocrx_word' id='word_1_228' title='bbox 224 3082 429 3161; x_wconf 83' lang='lat' dir='ltr'><strong>Hesychius</strong></span> <span class='ocrx_word' id='word_1_229' title='bbox 459 3085 555 3145; x_wconf 89' lang='lat' dir='ltr'><strong>Miles.</strong></span> <span class='ocrx_word' id='word_1_230' title='bbox 579 3105 602 3144; x_wconf 89' lang='lat' dir='ltr'><strong><em>e.</em></strong></span> <span class='ocrx_word' id='word_1_231' title='bbox 627 3087 668 3146; x_wconf 83' lang='lat'><strong><em>55</em></strong></span> <span class='ocrx_word' id='word_1_232' title='bbox 691 3108 720 3164; x_wconf 89' lang='lat' dir='ltr'><strong><em>p.</em></strong></span> <span class='ocrx_word' id='word_1_233' title='bbox 745 3088 801 3164; x_wconf 82' lang='lat'><strong><em>45,</em></strong></span> <span class='ocrx_word' id='word_1_234' title='bbox 827 3089 846 3146; x_wconf 84' lang='lat'>8</span> <span class='ocrx_word' id='word_1_235' title='bbox 874 3086 976 3146; x_wconf 80' lang='lat' dir='ltr'><strong>Fleeh.</strong></span> <span class='ocrx_word' id='word_1_236' title='bbox 1005 3083 1056 3145; x_wconf 82' lang='grc' dir='ltr'><strong><em>καλ</em></strong></span> <span class='ocrx_word' id='word_1_237' title='bbox 1080 3086 1180 3164; x_wconf 88' lang='grc' dir='ltr'><strong><em>Τίμων</em></strong></span> 
     </span>
     <span class='ocr_line' id='line_1_29' title="bbox 165 3173 873 3266; baseline 0.006 -28"><span class='ocrx_word' id='word_1_238' title='bbox 165 3181 448 3261; x_wconf 80' lang='grc' dir='ltr'><strong><em>παραγραμματίζων</em></strong></span> <span class='ocrx_word' id='word_1_239' title='bbox 471 3173 575 3265; x_wconf 60' lang='grc' dir='ltr'><strong><em>αύτόνῇ</em></strong></span> <span class='ocrx_word' id='word_1_240' title='bbox 600 3175 661 3255; x_wconf 78' lang='grc' dir='ltr'><strong><em>«ὥς</em></strong></span> <span class='ocrx_word' id='word_1_241' title='bbox 682 3213 720 3226; x_wconf 92' lang='grc'><strong><em>--</em></strong></span> <span class='ocrx_word' id='word_1_242' title='bbox 741 3175 873 3266; x_wconf 55' lang='lat' dir='ltr'><strong><em>sesses.)</em></strong></span> 
     </span>
    </p>

    <p class='ocr_par' dir='ltr' id='par_1_6' title="bbox 165 3310 1179 3479">
     <span class='ocr_line' id='line_1_30' title="bbox 238 3310 1178 3374; baseline 0.006 -7"><span class='ocrx_word' id='word_1_243' title='bbox 238 3310 395 3369; x_wconf 76' lang='grc' dir='ltr'><strong><em>ἀνέπλαττε</em></strong></span> <span class='ocrx_word' id='word_1_244' title='bbox 419 3314 539 3371; x_wconf 85' lang='grc' dir='ltr'><strong><em>Πλάτων</em></strong></span> <span class='ocrx_word' id='word_1_245' title='bbox 563 3312 578 3372; x_wconf 83' lang='grc' dir='ltr'>ὁ</span> <span class='ocrx_word' id='word_1_246' title='bbox 602 3315 703 3372; x_wconf 78' lang='lat' dir='ltr'><strong>Nauck</strong></span> <span class='ocrx_word' id='word_1_247' title='bbox 724 3318 755 3372; x_wconf 91' lang='lat' dir='ltr'><strong><em>in</em></strong></span> <span class='ocrx_word' id='word_1_248' title='bbox 778 3316 957 3373; x_wconf 80' lang='lat' dir='ltr'><strong>Meinekisns</strong></span> <span class='ocrx_word' id='word_1_249' title='bbox 980 3317 1046 3372; x_wconf 77' lang='lat' dir='ltr'><strong>edit.</strong></span> <span class='ocrx_word' id='word_1_250' title='bbox 1066 3321 1178 3374; x_wconf 76' lang='lat' dir='ltr'><strong>Athen:</strong></span> 
     </span>
     <span class='ocr_line' id='line_1_31' title="bbox 165 3394 1179 3479; baseline 0.008 -25"><span class='ocrx_word' id='word_1_251' title='bbox 165 3394 341 3458; x_wconf 71' lang='grc' dir='ltr'><strong><em>ἀνέπλαττον</em></strong></span> <span class='ocrx_word' id='word_1_252' title='bbox 357 3397 372 3458; x_wconf 85' lang='grc' dir='ltr'><strong><em>ό</em></strong></span> <span class='ocrx_word' id='word_1_253' title='bbox 388 3402 508 3460; x_wconf 87' lang='grc' dir='ltr'><strong><em>Πλάτων</em></strong></span> <span class='ocrx_word' id='word_1_254' title='bbox 524 3406 634 3474; x_wconf 73' lang='lat' dir='ltr'><strong>Athen,</strong></span> <span class='ocrx_word' id='word_1_255' title='bbox 649 3400 791 3461; x_wconf 83' lang='grc' dir='ltr'><strong><em>ἀνέπλασε</em></strong></span> <span class='ocrx_word' id='word_1_256' title='bbox 807 3405 927 3460; x_wconf 87' lang='grc' dir='ltr'><strong><em>Πλάτων</em></strong></span> <span class='ocrx_word' id='word_1_257' title='bbox 942 3406 1034 3460; x_wconf 63' lang='lat' dir='ltr'><strong>neers.</strong></span> <span class='ocrx_word' id='word_1_258' title='bbox 1045 3405 1111 3460; x_wconf 78' lang='lat' dir='ltr'><strong><em>BF</em></strong></span> <span class='ocrx_word' id='word_1_259' title='bbox 1121 3410 1179 3479; x_wconf 75' lang='lat' dir='ltr'><strong><em>etf,</em></strong></span> 
     </span>
    </p>
   </div>
   <div class='ocr_carea' id='block_1_6' title="bbox 167 3486 1179 3652">
    <p class='ocr_par' dir='ltr' id='par_1_7' title="bbox 167 3486 1179 3652">
     <span class='ocr_line' id='line_1_32' title="bbox 167 3486 1177 3567; baseline 0.011 -25"><span class='ocrx_word' id='word_1_260' title='bbox 167 3487 252 3559; x_wconf 65' lang='lat' dir='ltr'><strong>said„</strong></span> <span class='ocrx_word' id='word_1_261' title='bbox 273 3488 407 3559; x_wconf 81' lang='lat' dir='ltr'><strong>Heeyoh.‚</strong></span> <span class='ocrx_word' id='word_1_262' title='bbox 431 3486 467 3546; x_wconf 84' lang='grc' dir='ltr'><strong><em>ἀν</em></strong></span> <span class='ocrx_word' id='word_1_263' title='bbox 493 3491 594 3548; x_wconf 75' lang='grc' dir='ltr'><strong><em>ἔπλασε</em></strong></span> <span class='ocrx_word' id='word_1_264' title='bbox 620 3491 738 3549; x_wconf 88' lang='grc' dir='ltr'><strong><em>Πλάτων</em></strong></span> <span class='ocrx_word' id='word_1_265' title='bbox 758 3495 850 3549; x_wconf 65' lang='lat' dir='ltr'><strong>Lam.</strong></span> <span class='ocrx_word' id='word_1_266' title='bbox 871 3493 999 3566; x_wconf 73' lang='lat' dir='ltr'><strong><em>GHQV</em></strong></span> <span class='ocrx_word' id='word_1_267' title='bbox 1015 3492 1099 3552; x_wconf 83' lang='lat' dir='ltr'><strong>vind.</strong></span> <span class='ocrx_word' id='word_1_268' title='bbox 1120 3503 1177 3567; x_wconf 80' lang='lat'><strong>106,</strong></span> 
     </span>
     <span class='ocr_line' id='line_1_33' title="bbox 167 3563 1179 3652; baseline 0.01 -19"><span class='ocrx_word' id='word_1_269' title='bbox 167 3574 325 3634; x_wconf 79' lang='grc' dir='ltr'><strong><em>ἀνέπλασσε</em></strong></span> <span class='ocrx_word' id='word_1_270' title='bbox 345 3578 467 3634; x_wconf 85' lang='grc' dir='ltr'><strong><em>Πλάτων</em></strong></span> <span class='ocrx_word' id='word_1_271' title='bbox 485 3580 577 3637; x_wconf 75' lang='lat' dir='ltr'><strong>Laert.</strong></span> <span class='ocrx_word' id='word_1_272' title='bbox 597 3583 726 3638; x_wconf 68' lang='lat' dir='ltr'><strong>Laurens.</strong></span> <span class='ocrx_word' id='word_1_273' title='bbox 746 3587 793 3652; x_wconf 79' lang='lat'><strong><em>85,</em></strong></span> <span class='ocrx_word' id='word_1_274' title='bbox 811 3589 840 3652; x_wconf 85' lang='grc'><strong><em>9,</em></strong></span> <span class='ocrx_word' id='word_1_275' title='bbox 864 3578 901 3638; x_wconf 83' lang='grc' dir='ltr'><strong><em>ἀν</em></strong></span> <span class='ocrx_word' id='word_1_276' title='bbox 922 3580 1040 3638; x_wconf 81' lang='grc' dir='ltr'><strong><em>ίπλασσε</em></strong></span> <span class='ocrx_word' id='word_1_277' title='bbox 1061 3563 1179 3643; x_wconf 88' lang='grc' dir='ltr'><strong><em>Πλάτων</em></strong></span> 
     </span>
    </p>
   </div>
   <div class='ocr_carea' id='block_1_7' title="bbox 0 0 1281 3996">
    <p class='ocr_par' dir='ltr' id='par_1_8' title="bbox 0 0 1281 3996">
     <span class='ocr_line' id='line_1_34' title="bbox 0 0 1281 3996; baseline 0 0"><span class='ocrx_word' id='word_1_278' title='bbox 0 0 1281 3996; x_wconf 95' lang='lat' dir='ltr'><strong><em> </em></strong></span> 
     </span>
    </p>
   </div>
  </div>
 </body>
</html>
