2548 4004
496 195 715 258 ...61-

91 358 270 435 Stobaeum,
294 360 341 418 ecl.
365 358 397 417 11
422 362 454 436 1,
480 361 519 418 18
543 379 572 435 p.
598 361 626 435 6,
653 361 694 418 14
717 354 883 441 Wachsm.)
911 361 984 420 haec
1008 361 1114 422 habet:

89 449 290 532 Ξενοφάνους
315 448 434 534 πρώτου
461 449 549 536 λόγος
575 444 669 533 ἦλθεν
699 454 741 528 εἰς
767 450 837 528 τοὺς
856 451 1004 536 Ἕλληνας
1032 453 1115 532 ἄξιος

86 554 210 633 γραφῆς
242 547 314 631 ἅμα
341 552 471 636 παιδιᾷ
503 546 563 624 τα’ς
591 572 626 612 τε
656 554 725 612 τῶν
749 546 863 613 ἄλλων
885 545 1016 632 τόλμας
1039 552 1112 616 ἐπι·

87 640 316 728 πλήντοντος
337 647 388 712 aul
409 643 464 728 τὴν
483 641 578 711 αὑτοῦ·
593 643 787 728 παριστάντος
805 640 973 730 εὐλάβειαν,
997 646 1038 725 ὥς
1056 647 1115 730 ἄρα

87 739 163 819 θεὸς
192 743 249 824 μὲν
276 740 338 808 οἶδε
365 742 419 825 τὴν
447 740 609 824 ἀλήθειαν,
642 741 732 820 δόιιος
760 741 788 807 d’
814 744 862 808 ἐπὶ
889 751 962 808 πᾶσι
983 746 1114 811 τέτυκται

90 837 142 925 (ir.
171 845 213 903 14
237 839 399 925 Karsten).

158 939 289 1001 Constat
316 943 413 1020 igitur
441 960 459 1001 a
482 942 665 1018 Xenophane
694 943 823 1019 scriptos
851 961 915 1004 ease
938 944 1023 1004 sillos
1045 945 1064 1003 i.
1089 965 1113 1006 e.

89 1037 230 1098 camina
253 1039 364 1116 quibus
383 1039 541 1098 Thaletem
558 1038 766 1118 Pythagoram
784 1039 993 1118 Epimenidem
1015 1043 1113 1128 pbilo-

89 1137 206 1214 sophos
235 1127 445 1217 δογματιιιούς,
472 1137 638 1197 Homerum
660 1137 887 1215 Hesiodumque
914 1142 1020 1214 poetas
1049 1138 1114 1220 doy-

88 1227 235 1311 ματιπούς
262 1235 423 1311 praecipue
452 1238 576 1311 propter
598 1253 755 1323 perversas
779 1235 816 1294 de
840 1235 903 1295 deis
926 1237 1115 1298 narrationes

89 1337 122 1390 et
146 1331 306 1408 opiniones
329 1332 550 1409 vituperaverit
572 1332 709 1392 versibus
730 1333 912 1392 hexametris
930 1334 1044 1410 passim
1061 1355 1116 1412 pcr

91 1428 273 1488 Homericos
291 1429 432 1505 parodias
451 1429 610 1507 distinctis,
628 1434 665 1490 ut
683 1429 785 1490 videre
805 1434 852 1488 est
869 1429 900 1487 in
915 1431 1114 1507 reliquiarum

91 1545 188 1603 quam
211 1526 327 1586 subieci
349 1526 533 1588 collectione.

156 1621 317 1699 Adscripsi
340 1627 443 1683 autem
466 1623 542 1682 siliis
566 1642 602 1684 ea
623 1622 936 1699 tantumfragmenta
955 1642 1033 1700 quae
1052 1643 1113 1685 cer·

88 1721 212 1780 tissima
231 1720 434 1781 cavillationis
454 1722 584 1798 vestigia
601 1720 842 1798 praeseferant,
861 1720 949 1778 omisi
963 1738 1113 1797 quaecun-

91 1837 152 1897 que
177 1817 305 1878 carmini
326 1815 394 1895 napi
422 1812 541 1896 φύσεως
565 1817 667 1879 eadem
689 1817 739 1878 vel
761 1817 872 1876 maiore
898 1815 1113 1893 probabilitate

90 1915 224 1976 attribui
238 1908 442 1997 potuerunt¹).
466 1934 589 1994 prorsus
604 1919 707 1976 autem
720 1915 871 1977 incertum
885 1919 931 1975 est
945 1915 1026 1992 quod
1035 1916 1113 1978 sillis

90 2013 292 2074 coniectando
312 2012 486 2092 adsignavit
500 2013 535 2073 G.
550 2012 732 2091 Diudorfius‚
752 2012 805 2089 qui
823 2013 855 2072 in
874 2011 983 2072 Herod.
1002 2033 1033 2076 ιτ.
1047 2036 1113 2092 μου.

90 2108 148 2184 ili.
173 2131 205 2188 p.
231 2114 265 2188 7,
292 2112 330 2169 11
358 2104 439 2189 παρὰ
459 2104 663 2188 Ἀριστοφάνει
686 2105 719 2168 ἒν
742 2107 911 2169 devectavi
933 2102 1113 2190 (casotum,

94 2213 130 2268 ut
152 2198 269 2288 nuuc²)
299 2211 426 2286 constat,
450 2208 514 2266 cod.
538 2199 735 2287 Havniensis)
758 2203 808 2266 καὶ
830 2199 1024 2284 ἐπιθυμήσειε
1046 2203 1113 2280 νέος
1214 2283 1218 2292 Ι

92 2307 148 2382 νῆς
172 2296 367 2380 αἐμφιπόλοιο,
389 2309 553 2381 postquam
575 2305 607 2362 in
625 2304 692 2380 ipsa
710 2295 875 2383 editionc³)
894 2303 956 2362 alia
974 2304 1112 2382 correxit,

163 2475 193 2542 1)
212 2473 358 2539 Quaedam
375 2473 438 2544 ipse
456 2472 486 2526 iu
504 2470 650 2543 preecdosi
668 2473 722 2529 etsi
737 2472 898 2528 dubitanter
912 2470 1013 2541 adieci,
1031 2472 1110 2528 velut

89 2553 122 2610 ir.
141 2560 159 2608 2
179 2554 210 2608 et
229 2557 245 2606 ὅ
264 2550 408 2620 Karsteni3
437 2552 523 2607 ctiam
551 2569 585 2607 ex
608 2552 693 2606 Clam.
717 2552 805 2620 Alex,
832 2558 923 2609 strom
947 2550 1000 2606 VII
1023 2559 1053 2620 4,
1077 2558 1112 2607 21

90 2651 116 2702 p.
136 2639 205 2700 aba,
231 2637 248 2687 8
273 2632 365 2702 sylb.;
392 2650 420 2703 p.
441 2636 492 2686 841
516 2631 592 2688 Pctt.
616 2631 778 2702 (Theodor,
802 2631 851 2687 Gr.
875 2634 922 2702 aff.
942 2649 1000 2689 ουν.
1020 2632 1060 2686 ΠΙ
1079 2638 1113 2686 12

89 2731 117 2784 p.
131 2719 185 2782 49,
203 2714 250 2782 39)
278 2715 307 2766 et
333 2712 500 2780 Plutarcho,
526 2713 560 2766 da
585 2713 724 2782 aspernit.
747 2728 771 2767 c.
792 2717 824 2766 13
847 2730 874 2782 p.
895 2712 963 2768 111Β
987 2714 1112 2780 (amator.

91 2809 114 2848 ο.
131 2799 175 2862 18,
194 2793 237 2848 Ie.
255 2797 281 2848 ct
301 2791 372 2848 Oair.
388 2807 411 2849 o.
426 2793 472 2860 10)
491 2791 619 2847 sillorum
637 2807 732 2846 versus
752 2789 878 2862 exsculpi
896 2808 978 2861 porse
996 2790 1112 2846 credidi.

93 2871 224 2928 barbaria
243 2871 382 2940 quaedam
401 2871 523 2928 numeris
541 2869 658 2926 inclusit
675 2869 825 2938 Roethiur‚
845 2871 938 2927 Gescb.
957 2872 984 2926 d.
1004 2871 1113 2929 abmdl.

92 2951 197 3008 Pholoe.
217 2951 244 3005 11
263 2949 293 3005 2²
312 2951 374 3006 adn.
395 2956 457 3005 alo.
496 2966 651 3020 anonymus
674 2966 772 3006 censor
790 2949 832 3020 (in
849 2949 979 3005 Zamclrii
1000 2950 1110 3018 epham.

93 3031 148 3088 litt
168 3035 240 3087 1859
258 3047 287 3084 n.
306 3035 341 3086 48
359 3049 386 3102 p.
407 3034 469 3099 188)
494 3028 666 3085 desideravit
688 3029 773 3084 etiam
793 3028 914 3085 alterum
932 3027 1112 3098 Xenopbanis

92 3125 213 3179 varrum,
231 3127 316 3180 quem
329 3109 505 3166 Herodianus
518 3127 547 3179 p.
557 3114 609 3164 196
624 3111 654 3165 et
667 3109 753 3164 ceteri
766 3109 804 3162 ad
816 3109 849 3164 fr.
863 3108 903 3164 1v
917 3108 1046 3164 adnotati
1063 3124 1112 3163 au-

92 3193 185 3247 ctores
200 3190 348 3260 proferunt
365 3186 480 3245 ὁππόσα
498 3185 534 3259 δὴ
551 3192 684 3258 θνητοῖσι
701 3185 864 3257 πεφύκασιν
880 3186 931 3258 (sic
944 3188 1007 3244 cod.
1021 3187 1111 3244 Paris.

94 3270 294 3340 Choerobosci)
317 3265 506 3340 εἰσοράασθαι
530 3267 602 3338 (scil.
621 3269 691 3324 hacc
709 3268 842 3324 mortales
861 3266 904 3322 dis
923 3267 1109 3336 adscribunt):

93 3353 184 3418 recte,
204 3350 229 3405 ei
246 3350 317 3406 baec
336 3348 371 3406 de
388 3348 511 3404 Homero
530 3345 708 3416 Hesiodoquc
727 3349 796 3402 aunt
812 3345 901 3414 dicta,
921 3346 998 3415 quod
1015 3351 1112 3404 tamen

94 3429 248 3500 ignoratur.
364 3450 370 3459 ¹

163 3511 192 3576 2)
211 3507 253 3565 Cb
272 3507 460 3581 Eganolffium
485 3509 515 3563 in
538 3524 609 3566 mus.
628 3506 718 3562 ltben.
737 3505 841 3562 XXXV
859 3525 887 3577 p.
908 3513 968 3564 100.

164 3591 192 3658 8)
211 3588 330 3660 praeut.
349 3605 376 3657 p.
392 3595 409 3644 6
427 3587 585 3644 coniecerat
603 3586 649 3643 vel
660 3581 854 3658 Ἀριστοφάνει
869 3583 901 3641 ἐν
915 3585 1109 3658 Βαβυλωνίοις
