2548 4004
567 191 787 255 ..50-

171 347 290 438 Vnger)
310 353 478 427 σκανναίονς
498 347 538 426 ὥς
556 369 649 432 φησιν
663 344 680 413 ὁ
697 352 797 430 Τίμων
811 346 879 425 τοὺς
892 351 1095 432 καλουμένους
1107 349 1188 432 παρά

170 472 226 515 τισι
250 453 423 528 στίλπωνας,
447 451 528 529 quod
552 451 610 512 etsi
633 454 742 528 arguto
767 450 895 512 smificio
918 450 1055 512 adhibito
1074 453 1188 528 poteris
1258 483 1259 516 ν

171 551 306 611 Timonis
325 549 402 610 sillis
420 567 541 610 servare
560 549 605 608 ita
622 551 660 608 ut
677 551 766 624 putes
786 549 922 608 extitisse
936 549 1031 608 talem
1044 550 1109 609 fere
1123 570 1189 611 ver·

172 667 253 709 sum:
277 641 359 710 εἶδον
378 649 531 707 enunciet}
549 639 601 706 τὸν
619 642 669 705 καὶ
687 643 835 706 crannus
852 647 984 722 καλοῦσι,
1005 666 1065 723 quo
1081 648 1188 708 Timon

174 747 343 824 Stilponem
369 745 522 804 hominem
550 742 732 803 obscaenum
756 733 807 822 (of.
832 741 964 803 Cratetis
986 745 1021 802 fr.
1047 735 1077 825 Ι)
1101 743 1189 822 quasi
1258 794 1259 805 ,

171 863 298 921 nanum,
321 846 359 902 ut
377 842 526 901 Zenonem
550 859 655 918 anum,
678 840 888 919 castigaverit,
911 845 1014 900 tamen
1036 843 1100 902 leni
1123 862 1189 902 mu·
1258 890 1259 895 1

171 944 287 1003 tatione
321 958 390 1000 oum
422 939 476 997 Tb.
504 939 640 1014 Roepero
649 929 674 1018 ¹)
705 936 827 1015 Τίμαιος
857 957 966 999 nomen
998 957 1053 1016 pro
1089 938 1190 1018 Τίμων
1259 997 1260 1002 ,

172 1038 328 1102 scribendo
356 1040 424 1096 tota
450 1053 498 1095 res
525 1038 589 1095 tam
616 1034 705 1094 facile
734 1037 765 1094 et
786 1035 877 1111 plane
908 1036 1067 1112 expeditur
1094 1042 1132 1097 ut
1158 1037 1191 1096 in

172 1139 228 1196 hac
251 1135 426 1194 coniectura
449 1133 638 1210 acquiescere
660 1135 804 1207 praestet.

240 1233 305 1291 Iam
328 1249 400 1291 vero
424 1230 593 1289 sillorum
615 1229 836 1288 intellectus
859 1230 909 1289 vel
931 1229 1086 1289 veteribus
1105 1230 1190 1291 visus

174 1337 220 1392 est
251 1334 299 1390 tot
329 1327 563 1387 difficultatibus
591 1326 764 1386 obstructus
793 1344 870 1404 esse,
902 1330 939 1386 ut
966 1327 1190 1387 commentariis

174 1426 379 1506 singularibus
398 1444 450 1485 eos
469 1424 666 1502 explanarent
685 1416 727 1505 (v.
742 1415 857 1504 supra).
894 1423 926 1482 id
944 1424 1067 1500 quidem
1086 1426 1191 1503 aliqua

174 1545 210 1585 ex
228 1528 315 1603 parte
333 1523 404 1582 inde
423 1523 600 1600 explicatur,
620 1521 701 1599 quod
720 1520 848 1580 arctiore
868 1521 906 1579 ad
925 1540 1029 1581 eorum
1049 1523 1191 1582 acumina

172 1622 381 1701 perspicienda
413 1639 488 1698 opus
521 1625 568 1680 est
599 1619 809 1680 familiaritate
839 1637 908 1678 cum
937 1617 1060 1679 Graecis
1091 1620 1191 1697 philo·

175 1720 276 1798 sophis
304 1723 471 1796 contracta3
505 1719 557 1778 sed
585 1721 656 1777 sunt
683 1716 776 1776 etiam
803 1716 871 1793 ipsa
898 1718 1050 1794 acumina,
1079 1717 1192 1794 quibus

174 1819 235 1878 silli
267 1817 435 1892 abundant,
467 1816 549 1874 haud
580 1833 649 1874 raro
683 1814 893 1892 exquisitiora,
926 1815 1111 1892 aliquotiens
1142 1817 1193 1877 vel

174 1915 391 1974 artificiosiora.
433 1912 464 1971 id
488 1912 610 1989 quidem
633 1929 702 1970 cum
726 1909 864 1970 omnibus
887 1912 1008 1987 paradis
1031 1930 1192 1973 commune

173 2011 266 2070 habet
285 2009 405 2086 Timon,
430 2008 512 2086 quod
529 2026 642 2086 magna
664 2008 866 2068 cavillationis
890 2009 935 2069 vis
959 2009 1038 2069 inest
1060 2009 1120 2086 ipsi
1145 2029 1193 2070 ra·

174 2108 251 2168 tioni
278 2125 315 2166 ex
343 2125 404 2183 qua
431 2105 543 2166 detorti
571 2108 643 2166 sunt
670 2105 823 2165 Homerici
850 2125 968 2184 versus,
1003 2125 1078 2184 quos
1110 2109 1194 2168 infra

175 2206 296 2284 singula
313 2205 486 2284 fragmenta
505 2222 623 2280 semper
636 2203 741 2264 curavi
755 2203 974 2264 adscribendos.
1003 2205 1078 2264 satis
1098 2206 1194 2265 etiam

175 2304 337 2381 conspicua
355 2307 402 2362 est
420 2302 507 2379 copia
526 2300 786 2378 comparationum
805 2304 836 2359 et
854 2300 1022 2378 imaginum
1041 2301 1194 2362 vividissi-

174 2419 292 2461 marum
324 2400 653 2476 acerbissimarumque.
700 2399 753 2457 sed
785 2397 909 2474 propria
945 2398 1082 2457 sillorum
1120 2407 1195 2461 sunt

175 2497 235 2556 (luo
258 2496 450 2572 potissimum
470 2495 650 2556 facetiarum
669 2513 793 2573 genera,
817 2513 886 2556 cum
904 2496 1141 2556 allitterationes
1162 2503 1195 2558 et
1262 2489 1263 2492 ¹

175 2592 483 2671 aupcypappuuopcl,
506 2596 573 2651 tum
592 2592 804 2670 amphiboliae,
828 2611 903 2670 quas
923 2594 1031 2654 Timon
1054 2595 1086 2672 in
1110 2613 1193 2655 sum·

176 2689 233 2750 mis
260 2689 375 2750 deliciis
398 2690 519 2750 habuit:
544 2694 575 2749 et
597 2694 684 2767 patet
711 2708 802 2768 quam
828 2691 918 2751 facile
947 2691 1083 2770 ambigui
1106 2694 1196 2754 verbi

176 2789 331 2848 involucro
368 2789 444 2847 tecti
479 2789 624 2848 lectorem
660 2808 719 2848 non
756 2789 907 2848 monitum
943 2789 1059 2867 egregii
1091 2792 1195 2862 aculei

176 2888 301 2947 lateant.
349 2889 467 2945 tantam
496 2886 625 2970 (lenique
653 2886 761 2945 Timon
793 2885 851 2944 sibi
879 2887 1008 2963 sumpsit
1035 2887 1195 2948 licentiam

176 2985 207 3044 in
231 2983 388 3061 cudendis,
410 2983 573 3060 praecipue
596 2984 841 3062 conglutinandis
859 2984 945 3045 novis
963 2984 1134 3064 vocabulis,
1156 2994 1196 3049 ut

176 3083 208 3141 in
225 3082 331 3159 paucis
344 3099 421 3159 quae
442 3084 604 3157 supersunt
622 3081 760 3158 reliquiis
773 3082 843 3158 plus
863 3082 1021 3160 sexaginta
1038 3085 1195 3160 reperian-

176 3183 228 3239 tur
246 3179 393 3240 vocabula
412 3172 489 3251 ἅπαξ
507 3173 646 3257 εἰρημένα
664 3180 810 3257 pleraque
829 3180 866 3239 ab
885 3180 951 3257 ipso
971 3180 1042 3240 ficta
1061 3201 1194 3258 quorum

176 3276 257 3334 infra
279 3275 408 3353 apposui
430 3276 560 3337 indicem
584 3294 620 3335 ex
642 3276 815 3336 litterarum
839 3277 942 3337 ordine
966 3277 1128 3356 digestum.

176 3415 302 3422 ...mm-ma·-v

223 3498 277 3632 23¹3
297 3495 338 3554 Cf.
357 3495 491 3554 Meinelrii
510 3515 595 3556 were.
614 3501 646 3556 iu
664 3499 761 3556 Athen.
781 3499 808 3554 Π
825 3517 852 3570 p.
872 3504 907 3555 22
927 3523 959 3545 ι-
980 3501 1056 3556 aaut.
1075 3502 1107 3582 ip
1126 3501 1193 3559 Ata.

176 3597 203 3648 p·
278 3619 283 3632 Ι
1091 3601 1093 3606 .
