2542 3996
78 215 132 258 sn.
146 217 167 258 n
471 225 513 235 -
561 188 625 254 169
673 226 711 236 -

80 375 101 416 n
124 356 277 417 Meinekio
300 355 486 433 restitutum,
512 353 677 414 secundum
699 352 885 432 Hesychium
908 347 1034 436 (λυξόοιΙ
1059 357 1100 419 οἱ·

80 447 221 531 zodiaco·
252 445 423 534 λιθουργοί)
455 452 618 530 lapicidam
651 453 814 531 significat3
847 459 939 532 atque
972 455 1102 533 quadrat

80 570 156 613 sane
189 550 303 629 optime
331 551 405 610 baec
433 568 555 627 quoque
581 549 679 628 notio,
712 551 855 627 quoniam
878 569 897 610 a
919 552 1034 613 Duride
1059 547 1101 635 (v.

83 641 203 732 snpra),
225 649 325 708 Plinio
348 653 409 708 net.
437 649 506 708 hist.
528 647 656 707 XXXVI
676 649 731 726 32,
754 647 1102 728 Pausaniamque

83 747 128 806 IX
157 749 214 824 35,
240 749 258 806 7
291 746 359 805 eliis
390 746 540 806 traditum
571 749 601 804 st
633 745 781 805 creditum
812 751 859 806 est
887 747 1101 826 philosophum

83 844 309 905 adulescentem
337 844 453 920 pariter
480 846 572 920 atque
599 844 719 919 patrem
746 843 929 919 sculptorem
954 845 1048 906 fuisse
1072 853 1103 909 et

84 940 224 1002 Charites
255 944 287 1000 io
307 943 434 1016 propylo
461 940 680 1000 Αλλεκλοκειικκ
707 941 822 1001 fecisse.
868 942 920 1002 sed
947 944 1102 1006 sciendum

84 1043 145 1117 eet,
179 1040 364 1117 singularem
396 1037 524 1098 alteram
553 1037 692 1099 intulisse
723 1039 814 1101 verbo
842 1043 1025 1117 potestatem
1053 1043 1101 1102 Ti·

83 1153 216 1215 monom,
234 1155 296 1213 qua
314 1130 432 1213 ‘populi
445 1129 622 1213 perpolitor’
637 1141 831 1214 nuncupatur
846 1136 992 1217 Socrates,
1012 1159 1103 1217 quem

85 1239 194 1294 notum
226 1239 274 1293 est
304 1234 439 1294 homines
467 1233 504 1293 de
530 1233 618 1310 plebe
646 1237 798 1312 quotquot
826 1236 853 1295 oi
881 1236 1001 1297 obviam
1027 1239 1103 1298 facti

85 1335 159 1390 sunt
190 1331 412 1391 confabulando
445 1331 483 1390 ad
510 1330 700 1392 honestatem
726 1332 856 1393 formare
884 1337 915 1393 et
942 1334 1101 1398 instituere

85 1429 248 1488 studuisse.

154 1521 366 1603 ἐννομολέσχης
391 1523 573 1585 vocabulum
595 1526 658 1602 ipse
682 1525 767 1586 cudit
789 1530 881 1603 poete
904 1527 943 1588 ad
965 1549 1101 1590 normam

86 1623 304 1700 Aristophanei
336 1617 565 1701 μειευμολέσχου
594 1623 634 1682 ud
660 1623 865 1684 denotandum
887 1624 1101 1703 philosophum

13 1751 14 1754 ¹
86 1723 139 1800 qni
159 1721 196 1782 de
213 1721 348 1782 honestis
366 1719 529 1799 probisque
547 1720 683 1781 moribus
697 1722 914 1782 sermocinatus
930 1725 970 1784 sit
984 1743 1101 1804 semper

86 1824 118 1880 et
139 1819 262 1896 ubique.

154 1916 204 1978 Ad
227 1916 410 1978 illustranda
432 1915 524 1977 verba
542 1908 695 1994 Ἑλλήνων
717 1911 858 1990 ἐπαοιδός
875 1919 975 1979 nescio
995 1939 1034 1980 an
1052 1939 1102 1982 ne·

87 2019 180 2092 queat
203 2015 301 2093 magis
322 2014 463 2075 idoneum
482 2014 690 2074 testimonium
709 2015 809 2075 afferri
829 2035 920 2093 quem
939 2017 1031 2079 verba
1048 2020 1103 2081 illa

84 2114 245 2190 praeclaro
268 2111 377 2190 quibus
393 2112 547 2173 Socratem
560 2111 733 2172 Alcibiades
750 2113 783 2171 in
797 2112 933 2173 Platonis
950 2118 1102 2194 symposio

86 2209 247 2287 descripsit
265 2227 289 2270 c.
309 2213 350 2272 32
370 2231 400 2287 p.
416 2203 498 2270 215⁰
514 2227 556 2287 sq.
594 2202 609 2270 ό
633 2206 687 2286 μέν
709 2229 742 2289 με
760 2203 940 2290 (Mercurios)
959 2206 999 2272 δι’
1015 2207 1102 2294 boysi-

86 2329 150 2368 νυν
172 2302 294 2386 ἐκήλει
316 2301 385 2380 τοὺς
408 2299 590 2386 όνθμοόπους
612 2308 647 2388 τῇ
670 2299 801 2367 ἀπὸτοῦ
820 2301 960 2385 πόματος
978 2304 1103 2389 δυνάμει

195 2397 233 2465 od
260 2398 289 2466 δ’
315 2393 354 2486 (ὦ
377 2395 546 2487 Σοόνμυτες)
576 2400 692 2465 ἐκείνου
714 2405 855 2465 τυσοῦτον
883 2400 977 2484 μόνον
1000 2406 1101 2486 διαφέ-

86 2521 159 2579 ρεις,
182 2495 228 2564 ὅτι
249 2495 323 2562 ἄνευ
346 2493 483 2581 όμγόυωυ
505 2503 605 2579 ψιλοῖς
627 2495 726 2581 λόγοις
747 2494 879 2564 ταύτόν
900 2505 986 2566 τοῦτο
1009 2513 1103 2583 ποιεῖς

88 2646 184 2660 .....
204 2592 325 2660 ἐπειδὰν
352 2595 385 2660 di
412 2601 467 2660 σοῦ
494 2619 538 2672 τις
565 2591 662 2678 ιἰκοόη
682 2645 688 2658 .
705 2645 711 2657 .
727 2645 733 2657 .
749 2645 756 2657 .
774 2592 828 2659 ἐόν
850 2619 879 2660 τε
905 2593 982 2680 μονὴ
1006 2594 1102 2688 ἆκοόη

86 2690 189 2757 ἐόντε
207 2688 285 2774 ἀνὴρ
303 2689 357 2756 ἐόν
374 2717 404 2757 τε
423 2689 585 2776 μειράκιον,
604 2691 835 2776 ἐκπεπληγμένοι
853 2693 939 2776 ἐσμὲν
956 2697 1008 2759 καὶ
1020 2722 1103 2764 κατε·

86 2787 210 2873 χόμεθοε.
251 2787 308 2872 ἐγώ
326 2796 402 2875 γοῦν
421 2840 516 2855 .....
535 2787 607 2855 όταν
696 2786 808 2870 ἀκούω,
830 2789 908 2854 πολύ
925 2817 976 2873 μοι
994 2799 1104 2875 μᾶλλον

85 2883 106 2966 ἢ
124 2894 187 2952 τῶν
208 2885 530 2970 κομυβυντιοόντων
548 2885 569 2970 ἥ
586 2909 616 2950 τε
634 2889 742 2969 καρδία
760 2888 842 2975 πηδᾷ
860 2887 909 2951 κοιλ
929 2886 1045 2971 δάκρυα
1058 2892 1102 2956 ἐκ·

88 2992 179 3066 χεῖται
211 2979 270 3050 ὑπὸ
294 2991 362 3049 ’τῶν
392 2983 490 3069 λόγων
520 2990 581 3048 τῶν
611 2981 724 3050 τούτου.
771 2981 830 3065 ὁρῶ
861 2982 893 3047 di
919 2986 970 3048 καλ
996 2985 1103 3066 ἄλλους

87 3077 324 3164 παμπόλλους
345 3078 381 3145 τὰ
404 3078 479 3146 oded
501 3079 674 3164 πάσχοντος.

154 3171 350 3263 όκριβολόμος
383 3184 483 3244 solum
515 3183 571 3243 hoc
599 3184 665 3244 loco
693 3183 819 3261 legitur3
851 3182 974 3242 usitatis
1001 3189 1103 3246 autem

87 3279 188 3340 verbis
220 3272 478 3361 όκμβολογεῖσθυι
510 3284 542 3340 et
572 3274 762 3360 όικμβολογλυ
794 3298 863 3338 cnm
889 3281 979 3342 facile
1006 3283 1105 3347 subsit

87 3377 173 3436 notio
196 3377 286 3436 nimis
310 3377 464 3438 subtiliter
485 3377 662 3455 disputandi
682 3380 715 3437 et
733 3377 876 3453 quoniam
896 3377 1050 3440 Socratem
1067 3387 1105 3443 ut

88 3474 260 3552 prudentia,
279 3475 460 3554 subtilitate,
479 3476 653 3554 eloquentie
669 3475 803 3535 omnium
817 3476 1005 3538 eruditorum
1018 3479 1104 3540 tosti·

89 3572 190 3632 monio
208 3571 376 3649 principem
394 3573 490 3634 fuisse
509 3571 641 3633 affirmat
655 3572 759 3633 Cicero
778 3572 815 3632 de
833 3575 1103 3654 orat.H116,60‚
