2544 3998
516 238 557 248 -
607 202 670 266 146
718 239 758 246 -
1030 224 1162 267 rmoms

584 382 712 444 XXXVI

399 499 507 588 ττάντη
531 498 595 588 γὰρ
619 502 726 587 ἐπεῖχε
750 498 888 588 γαλήνη.

211 687 296 731 rnen.
340 670 470 746 Sextus
498 667 630 745 Empir.
654 667 720 728 adv.
745 665 896 746 dogm..V
921 671 983 729 141
1009 661 1165 747 εὐδαίμων

53 767 64 810 ⁸
144 766 197 846 μέν
225 766 302 829 ἔστιν
324 760 341 829 5
363 757 515 845 ἀταράχως
539 759 683 845 διεξάγων
704 762 755 825 καὶ
778 758 818 837 ὡς
840 762 937 846 ἔλεγεν
961 757 976 827 5
1004 764 1106 844 Τίμων
1132 764 1168 827 ἐν

143 860 250 949 ἡσυχία
273 863 323 926 καὶ
344 857 518 945 γαληνότηττ
541 856 704 934 καθεστώς·
730 857 846 941 «ττάντη
866 893 908 904 —-
929 857 1076 943 γαλήνη».

211 1047 306 1089 eonio.
343 1024 501 1086 Pertinent
527 1026 600 1083 haee
628 1022 721 1084 verba
748 1022 787 1081 ad
809 1023 1009 1102 Pyrrhonem,
1037 1025 1168 1084 unicum

144 1127 309 1204 soeptioum
331 1125 483 1184 illustrem
506 1140 597 1199 quem
618 1121 651 1179 in
674 1121 750 1180 sillis
773 1123 1023 1194 commemoravit
1045 1122 1166 1183 Timon.

144 1229 252 1286 notum
265 1225 368 1284 autem
382 1224 429 1280 est
443 1219 582 1297 seeptieis
597 1237 748 1278 summum
761 1217 875 1278 bonum
889 1219 983 1280 fuisse
994 1213 1169 1299 ἀταραξίαν,

145 1324 184 1383 ad
205 1340 296 1400 quam
314 1318 540 1380 describendam
559 1317 602 1378 eis
621 1309 751 1396 γαλήνης
769 1317 870 1395 imago
890 1303 1086 1395 inpromptu
1103 1318 1169 1378 fnit

146 1413 197 1502 (of.
227 1419 306 1478 Sext.
335 1416 441 1494 Pyrrh.
468 1415 572 1493 hypot.
600 1414 616 1474 I
646 1416 687 1474 10
724 1407 865 1491 ἀταραξία
901 1412 934 1475 δέ
970 1412 1029 1476 ἐστι
1062 1417 1170 1494 ψυχῆς

147 1510 289 1594 ἀοχλησία
307 1511 357 1573 καί
374 1505 554 1594 γαληνότης)
575 1512 691 1590 pariter
710 1515 802 1589 utque
824 1513 926 1572 fuerat
948 1512 1039 1572 huius
1057 1513 1171 1590 pluoiti

146 1615 343 1692 antesignano
370 1612 543 1671 Democrito
572 1602 624 1692 (of.
643 1611 742 1670 Laert.
766 1609 854 1688 Diog.
867 1611 921 1687 ,lx
944 1612 985 1671 45
1020 1606 1101 1683 τέλος
1135 1607 1171 1671 δὲ

148 1705 223 1773 είναι
252 1710 431 1786 [secundum
457 1707 679 1783 Democritum]
706 1700 761 1785 τὴν
787 1700 937 1785 εὐθυμίαν
956 1755 961 1766 .
977 1753 1005 1768 ..
1025 1699 1097 1766 καθ’
1129 1700 1172 1786 ἣν

149 1811 284 1892 γαληνῶς
310 1805 361 1868 καί
383 1801 535 1878 εὐσταθῶς
556 1798 576 1883 ἡ
599 1798 683 1884 ψυχὴ
707 1796 825 1887 διάγει).
867 1805 1047 1866 statuendus
1070 1805 1171 1884 igitur

149 1912 195 1969 est
221 1907 329 1966 Timon
355 1921 502 1982 narrasse,
529 1903 561 1961 in
588 1903 687 1962 medio
714 1901 903 1980 litigantium
925 1903 1064 1964 tumultu
1088 1904 1172 1964 eirea

107 2038 109 2040 ·
147 2004 334 2083 Pyrrhonem
356 2001 612 2079 tranquillitatem
636 2000 813 2060 obtinuisse.

586 2266 729 2327 XXXVII

195 2385 257 2455 τὸν
280 2389 299 2452 δ
306 2383 313 2408 ’
340 2382 385 2464 ὡς
408 2375 471 2454 οὖν
494 2383 604 2470 ἕνόησ’
631 2386 669 2452 ἐν
692 2389 869 2472 νηνεμίηστ
892 2381 1038 2472 γαλήνης

435 2570 555 2612 nonani
577 2569 742 2613 nnrosnvs
766 2568 882 2612 vnnsvs

223 2674 247 2722 Δ
266 2671 318 2722 575
337 2667 373 2722 al.
393 2663 443 2721 τὸν
462 2662 490 2722 δ’
512 2663 549 2730 ὡς
567 2659 619 2722 οὐν
640 2663 736 2737 ἐνόησ
757 2667 868 2737 (eadem
887 2683 983 2723 versus
1004 2667 1080 2736 sede)

217 2853 303 2896 nnsr.
335 2835 466 2896 Sextus
484 2835 617 2913 Empir.
641 2835 707 2897 adv.
727 2835 859 2913 dogmat.
878 2833 907 2891 V
928 2837 988 2894 141
1017 2828 1173 2914 εὐδαίμων
1264 2793 1265 2860 ί

150 2932 203 3013 μέν
227 2932 304 2995 ἐστιν
327 2927 343 2995 5
367 2926 519 3014 ἀταράχως
542 2926 686 3012 διεξάγων
708 2929 759 2992 καί
783 2925 822 3005 ὡς
845 2930 942 3012 ἔλεγεν
967 2924 983 2992 5
1010 2931 1111 3010 Τίμων
1135 2932 1170 2993 ἐν
1264 2937 1265 2946 ’

151 3027 259 3116 ἡσυχία
281 3027 331 3092 καὶ
353 3024 528 3112 γαληνότητι
553 3017 717 3102 ταθεσττύς·
747 3024 864 3109 «πάντη
889 3061 932 3071 -
954 3023 1091 3110 γαλήνη»
1118 3023 1170 3112 (fr.

150 3122 292 3212 XXXVI)
315 3125 367 3189 ναὶ
389 3121 462 3189 «τὸν
485 3120 514 3188 δ’
538 3157 576 3169 -
597 3120 759 3208 γαλήνης».
884 3197 885 3202 ¹

219 3307 313 3350 noun.
337 3289 423 3349 Dixit
445 3289 519 3349 haee
541 3287 634 3348 verba
656 3290 763 3365 procul
786 3289 877 3358 dnbio
897 3289 1019 3367 Timon,
1044 3307 1114 3349 oum
1136 3291 1170 3348 in

151 3386 228 3447 Oreo
260 3388 447 3464 Pyrrhonem
483 3387 638 3466 conspexit
673 3379 719 3468 (v.
746 3404 850 3447 comm.
880 3388 918 3447 ad
946 3388 981 3446 fr.
1006 3379 1171 3469 XXXVT);
1264 3385 1265 3466 J

150 3486 254 3563 itaque
269 3478 368 3562 ἀνόητ’
387 3505 425 3546 ne
440 3486 582 3563 suppleas
602 3502 671 3543 oum
686 3484 923 3544 Zimmermanno
942 3503 1028 3561 prog.
1043 3483 1171 3560 Erlang.
1264 3501 1265 3506 ¹

150 3603 179 3660 p.
201 3584 219 3643 6
243 3575 360 3660 ἐνόησε,
385 3583 437 3642 sed
460 3577 570 3661 ἐνόησα
592 3572 644 3662 (ef.
665 3599 756 3657 supra
774 3603 803 3659 p.
823 3573 890 3663 46).

552 3685 764 3728 „Im-..-
