<?xml version="1.0" encoding="UTF-8"?>
<!DOCTYPE html PUBLIC "-//W3C//DTD XHTML 1.0 Transitional//EN"
    "http://www.w3.org/TR/xhtml1/DTD/xhtml1-transitional.dtd">
<html xmlns="http://www.w3.org/1999/xhtml" xml:lang="en" lang="en">
 <head>
  <title>
</title>
<meta http-equiv="Content-Type" content="text/html;charset=utf-8" />
  <meta name='ocr-system' content='tesseract 3.04.00' />
  <meta name='ocr-capabilities' content='ocr_page ocr_carea ocr_par ocr_line ocrx_word'/>
</head>
<body>
  <div class='ocr_page' id='page_1' title='image "./sillographorumg00wachgoog_0101.png"; bbox 0 0 2544 3998; ppageno 0'>
   <div class='ocr_carea' id='block_1_1' title="bbox 571 204 1194 268">
    <p class='ocr_par' dir='ltr' id='par_1_1' title="bbox 571 204 1194 268">
     <span class='ocr_line' id='line_1_1' title="bbox 571 204 1194 268; baseline -0.006 1"><span class='ocrx_word' id='word_1_1' title='bbox 571 240 613 250; x_wconf 92' lang='lat'><em>-</em></span> <span class='ocrx_word' id='word_1_2' title='bbox 660 204 703 268; x_wconf 88' lang='grc'>98</span> <span class='ocrx_word' id='word_1_3' title='bbox 750 239 792 250; x_wconf 92' lang='lat'>-—</span> <span class='ocrx_word' id='word_1_4' title='bbox 1063 223 1194 266; x_wconf 80' lang='lat' dir='ltr'>rmonrs</span> 
     </span>
    </p>
   </div>
   <div class='ocr_carea' id='block_1_2' title="bbox 171 357 1196 1134">
    <p class='ocr_par' dir='ltr' id='par_1_2' title="bbox 171 357 1196 1134">
     <span class='ocr_line' id='line_1_2' title="bbox 172 357 1192 449; baseline -0.008 -15"><span class='ocrx_word' id='word_1_5' title='bbox 172 367 280 444; x_wconf 74' lang='grc' dir='ltr'><strong><em>ἅλλους</em></strong></span> <span class='ocrx_word' id='word_1_6' title='bbox 315 364 409 442; x_wconf 70' lang='grc' dir='ltr'><strong><em>οὕτως</em></strong></span> <span class='ocrx_word' id='word_1_7' title='bbox 442 363 624 446; x_wconf 81' lang='grc' dir='ltr'><strong><em>ἐκπλήξαντα</em></strong></span> <span class='ocrx_word' id='word_1_8' title='bbox 660 359 718 449; x_wconf 85' lang='lat' dir='ltr'>(sic</span> <span class='ocrx_word' id='word_1_9' title='bbox 751 367 847 426; x_wconf 89' lang='lat' dir='ltr'>scribe</span> <span class='ocrx_word' id='word_1_10' title='bbox 879 386 934 444; x_wconf 92' lang='lat' dir='ltr'>pro</span> <span class='ocrx_word' id='word_1_11' title='bbox 966 357 1192 447; x_wconf 83' lang='grc' dir='ltr'><strong><em>ἐκπλήξαντος),</em></strong></span> 
     </span>
     <span class='ocr_line' id='line_1_3' title="bbox 174 457 1194 546; baseline -0.007 -16"><span class='ocrx_word' id='word_1_12' title='bbox 174 464 247 530; x_wconf 75' lang='grc' dir='ltr'><strong><em>ὥστε</em></strong></span> <span class='ocrx_word' id='word_1_13' title='bbox 268 466 319 529; x_wconf 82' lang='grc' dir='ltr'><strong><em>καλ</em></strong></span> <span class='ocrx_word' id='word_1_14' title='bbox 340 462 392 529; x_wconf 88' lang='grc' dir='ltr'><strong><em>τὸν</em></strong></span> <span class='ocrx_word' id='word_1_15' title='bbox 415 459 614 546; x_wconf 79' lang='grc' dir='ltr'><strong><em>σιλλογροὶφον</em></strong></span> <span class='ocrx_word' id='word_1_16' title='bbox 637 457 945 546; x_wconf 65' lang='grc' dir='ltr'><strong><em>“οἰμφοτερο’γλωσσον’</em></strong></span> <span class='ocrx_word' id='word_1_17' title='bbox 967 457 1060 524; x_wconf 75' lang='grc' dir='ltr'><strong><em>αὐτὸν</em></strong></span> <span class='ocrx_word' id='word_1_18' title='bbox 1077 479 1194 542; x_wconf 90' lang='grc' dir='ltr'><strong><em>προσει-</em></strong></span> 
     </span>
     <span class='ocr_line' id='line_1_4' title="bbox 174 553 1192 644; baseline -0.008 -16"><span class='ocrx_word' id='word_1_19' title='bbox 174 571 243 628; x_wconf 85' lang='grc' dir='ltr'><strong><em>πεῖν</em></strong></span> <span class='ocrx_word' id='word_1_20' title='bbox 264 564 314 627; x_wconf 77' lang='grc' dir='ltr'>καὶ</span> <span class='ocrx_word' id='word_1_21' title='bbox 335 557 390 644; x_wconf 80' lang='grc' dir='ltr'><strong><em>τὴν</em></strong></span> <span class='ocrx_word' id='word_1_22' title='bbox 413 557 544 642; x_wconf 76' lang='grc' dir='ltr'><strong><em>δύναμιν</em></strong></span> <span class='ocrx_word' id='word_1_23' title='bbox 565 557 734 643; x_wconf 80' lang='grc' dir='ltr'><strong><em>ἆγασθέντα</em></strong></span> <span class='ocrx_word' id='word_1_24' title='bbox 757 565 811 623; x_wconf 84' lang='grc' dir='ltr'>τοῦ</span> <span class='ocrx_word' id='word_1_25' title='bbox 833 554 944 639; x_wconf 74' lang='grc' dir='ltr'><strong><em>ἀνδρὸς</em></strong></span> <span class='ocrx_word' id='word_1_26' title='bbox 961 553 1048 640; x_wconf 50' lang='grc' dir='ltr'>μέγα</span> <span class='ocrx_word' id='word_1_27' title='bbox 1071 553 1192 633; x_wconf 78' lang='grc' dir='ltr'><strong><em>σθένος’</em></strong></span> 
     </span>
     <span class='ocr_line' id='line_1_5' title="bbox 175 650 1195 742; baseline -0.006 -18"><span class='ocrx_word' id='word_1_28' title='bbox 175 658 270 742; x_wconf 80' lang='grc' dir='ltr'><strong><em>φέναι</em></strong></span> <span class='ocrx_word' id='word_1_29' title='bbox 292 660 342 724; x_wconf 80' lang='grc' dir='ltr'><strong><em>καλ</em></strong></span> <span class='ocrx_word' id='word_1_30' title='bbox 365 655 433 723; x_wconf 60' lang='grc' dir='ltr'>ὀὐκ</span> <span class='ocrx_word' id='word_1_31' title='bbox 455 653 630 722; x_wconf 74' lang='grc' dir='ltr'><strong><em>ἀλαπαδνὸν</em></strong></span> <span class='ocrx_word' id='word_1_32' title='bbox 651 653 816 738; x_wconf 67' lang='grc' dir='ltr'><strong><em>Ζήνωνοςῖ</em></strong></span> <span class='ocrx_word' id='word_1_33' title='bbox 849 659 948 719; x_wconf 87' lang='lat' dir='ltr'>Idem</span> <span class='ocrx_word' id='word_1_34' title='bbox 969 659 1042 719; x_wconf 88' lang='lat' dir='ltr'>ibid.</span> <span class='ocrx_word' id='word_1_35' title='bbox 1060 679 1091 735; x_wconf 88' lang='lat' dir='ltr'>p.</span> <span class='ocrx_word' id='word_1_36' title='bbox 1111 659 1153 719; x_wconf 89' lang='lat'>88</span> <span class='ocrx_word' id='word_1_37' title='bbox 1177 650 1195 718; x_wconf 83' lang='grc' dir='ltr'><strong>ὅ</strong></span> 
     </span>
     <span class='ocr_line' id='line_1_6' title="bbox 175 747 1196 842; baseline -0.009 -20"><span class='ocrx_word' id='word_1_38' title='bbox 175 755 371 842; x_wconf 77' lang='grc' dir='ltr'><strong><em>σιλλογρήφος</em></strong></span> <span class='ocrx_word' id='word_1_39' title='bbox 394 751 699 838; x_wconf 75' lang='lat' dir='ltr'>‘dppmepo&#39;yloocov&#39;</span> <span class='ocrx_word' id='word_1_40' title='bbox 723 750 814 818; x_wconf 78' lang='grc' dir='ltr'><strong><em>αὐτὸν</em></strong></span> <span class='ocrx_word' id='word_1_41' title='bbox 832 747 1014 839; x_wconf 81' lang='lat' dir='ltr'>(Zenonem)</span> <span class='ocrx_word' id='word_1_42' title='bbox 1034 759 1196 836; x_wconf 77' lang='grc' dir='ltr'><strong><em>προσεῖπεν</em></strong></span> 
     </span>
     <span class='ocr_line' id='line_1_7' title="bbox 174 847 1195 938; baseline -0.009 -18"><span class='ocrx_word' id='word_1_43' title='bbox 174 851 215 931; x_wconf 76' lang='grc' dir='ltr'>ὥς</span> <span class='ocrx_word' id='word_1_44' title='bbox 237 849 401 938; x_wconf 74' lang='grc' dir='ltr'><strong><em>ἐλεγκτικὸν</em></strong></span> <span class='ocrx_word' id='word_1_45' title='bbox 423 850 484 933; x_wconf 73' lang='grc' dir='ltr'>ἅμα</span> <span class='ocrx_word' id='word_1_46' title='bbox 506 852 557 915; x_wconf 82' lang='grc' dir='ltr'><strong><em>καλ</em></strong></span> <span class='ocrx_word' id='word_1_47' title='bbox 579 847 814 936; x_wconf 74' lang='grc' dir='ltr'><strong><em>ὖφήμηματικόν.</em></strong></span> <span class='ocrx_word' id='word_1_48' title='bbox 862 853 1011 916; x_wconf 79' lang='lat' dir='ltr'><strong>Scholia</strong></span> <span class='ocrx_word' id='word_1_49' title='bbox 1032 851 1195 913; x_wconf 90' lang='lat' dir='ltr'>Iamblichi</span> 
     </span>
     <span class='ocr_line' id='line_1_8' title="bbox 171 942 1192 1034; baseline -0.006 -17"><span class='ocrx_word' id='word_1_50' title='bbox 171 955 226 1017; x_wconf 80' lang='lat' dir='ltr'>vit.</span> <span class='ocrx_word' id='word_1_51' title='bbox 244 956 374 1034; x_wconf 84' lang='lat' dir='ltr'>Pythag.</span> <span class='ocrx_word' id='word_1_52' title='bbox 398 950 418 1030; x_wconf 63' lang='grc' dir='ltr'><strong>ξ</strong></span> <span class='ocrx_word' id='word_1_53' title='bbox 439 956 502 1015; x_wconf 78' lang='lat'>267</span> <span class='ocrx_word' id='word_1_54' title='bbox 526 974 555 1031; x_wconf 93' lang='lat' dir='ltr'>p.</span> <span class='ocrx_word' id='word_1_55' title='bbox 577 955 688 1032; x_wconf 77' lang='lat' dir='ltr'>198‚n</span> <span class='ocrx_word' id='word_1_56' title='bbox 712 951 757 1014; x_wconf 93' lang='lat' dir='ltr'>ed.</span> <span class='ocrx_word' id='word_1_57' title='bbox 776 951 893 1012; x_wconf 84' lang='lat' dir='ltr'>Nauck.</span> <span class='ocrx_word' id='word_1_58' title='bbox 917 945 1027 1030; x_wconf 83' lang='grc' dir='ltr'><strong><em>Ζήνων</em></strong></span> <span class='ocrx_word' id='word_1_59' title='bbox 1051 942 1067 1011; x_wconf 84' lang='grc' dir='ltr'>ὁ</span> <span class='ocrx_word' id='word_1_60' title='bbox 1091 943 1192 1029; x_wconf 74' lang='grc' dir='ltr'><strong><em>ἄμφο-</em></strong></span> 
     </span>
     <span class='ocr_line' id='line_1_9' title="bbox 173 1048 378 1134; baseline -0.01 -20"><span class='ocrx_word' id='word_1_61' title='bbox 173 1048 378 1134; x_wconf 82' lang='grc' dir='ltr'><strong><em>τερέγλασσος.</em></strong></span> 
     </span>
    </p>
   </div>
   <div class='ocr_carea' id='block_1_3' title="bbox 172 1177 1199 2219">
    <p class='ocr_par' dir='ltr' id='par_1_3' title="bbox 172 1177 1263 2219">
     <span class='ocr_line' id='line_1_10' title="bbox 244 1177 1196 1256; baseline -0.007 -15"><span class='ocrx_word' id='word_1_62' title='bbox 244 1192 300 1241; x_wconf 89' lang='lat' dir='ltr'>v.1</span> <span class='ocrx_word' id='word_1_63' title='bbox 321 1179 603 1256; x_wconf 76' lang='grc' dir='ltr'><strong><em>ἄμφοτερογλοέσσοιο</em></strong></span> <span class='ocrx_word' id='word_1_64' title='bbox 621 1181 695 1254; x_wconf 77' lang='grc' dir='ltr'><strong><em>μέγα</em></strong></span> <span class='ocrx_word' id='word_1_65' title='bbox 714 1182 812 1252; x_wconf 76' lang='lat' dir='ltr'>Simpl</span> <span class='ocrx_word' id='word_1_66' title='bbox 829 1189 891 1253; x_wconf 75' lang='lat'>236,</span> <span class='ocrx_word' id='word_1_67' title='bbox 910 1177 1196 1253; x_wconf 76' lang='grc' dir='ltr'><strong><em>ἄμφοτερορλσέττοιο</em></strong></span> 
     </span>
     <span class='ocr_line' id='line_1_11' title="bbox 174 1265 1195 1346; baseline -0.004 -17"><span class='ocrx_word' id='word_1_68' title='bbox 174 1271 247 1346; x_wconf 77' lang='grc' dir='ltr'><strong><em>μέγα</em></strong></span> <span class='ocrx_word' id='word_1_69' title='bbox 265 1273 358 1329; x_wconf 85' lang='lat' dir='ltr'>David</span> <span class='ocrx_word' id='word_1_70' title='bbox 378 1275 383 1343; x_wconf 95' lang='grc' dir='ltr'>Ι</span> <span class='ocrx_word' id='word_1_71' title='bbox 404 1268 679 1344; x_wconf 77' lang='grc' dir='ltr'><strong><em>ἄμφοτερήγλοέσσον</em></strong></span> <span class='ocrx_word' id='word_1_72' title='bbox 699 1272 740 1327; x_wconf 75' lang='lat'>1³³</span> <span class='ocrx_word' id='word_1_73' title='bbox 755 1273 759 1343; x_wconf 93' lang='grc' dir='ltr'>Ι</span> <span class='ocrx_word' id='word_1_74' title='bbox 775 1272 819 1344; x_wconf 85' lang='grc' dir='ltr'>τε]</span> <span class='ocrx_word' id='word_1_75' title='bbox 843 1267 876 1326; x_wconf 85' lang='grc' dir='ltr'>τὸ</span> <span class='ocrx_word' id='word_1_76' title='bbox 895 1271 945 1340; x_wconf 71' lang='lat' dir='ltr'>H}</span> <span class='ocrx_word' id='word_1_77' title='bbox 960 1265 1033 1326; x_wconf 77' lang='grc' dir='ltr'>τιούκ</span> <span class='ocrx_word' id='word_1_78' title='bbox 1051 1269 1127 1325; x_wconf 70' lang='lat' dir='ltr'>Plus.</span> <span class='ocrx_word' id='word_1_79' title='bbox 1148 1269 1173 1325; x_wconf 83' lang='grc'><em>0</em></span> <span class='ocrx_word' id='word_1_80' title='bbox 1190 1268 1195 1340; x_wconf 86' lang='grc' dir='ltr'>Ι</span> 
     </span>
     <span class='ocr_line' id='line_1_12' title="bbox 175 1353 1198 1434; baseline -0.007 -15"><span class='ocrx_word' id='word_1_81' title='bbox 175 1381 260 1434; x_wconf 83' lang='lat' dir='ltr'>supra</span> <span class='ocrx_word' id='word_1_82' title='bbox 278 1358 446 1418; x_wconf 73' lang='grc' dir='ltr'><strong><em>ἀλαπαδνὸν</em></strong></span> <span class='ocrx_word' id='word_1_83' title='bbox 463 1361 494 1416; x_wconf 91' lang='lat' dir='ltr'>in</span> <span class='ocrx_word' id='word_1_84' title='bbox 507 1360 589 1432; x_wconf 77' lang='lat' dir='ltr'>Diog.</span> <span class='ocrx_word' id='word_1_85' title='bbox 603 1363 631 1417; x_wconf 89' lang='grc' dir='ltr'><strong><em>Β</em></strong></span> <span class='ocrx_word' id='word_1_86' title='bbox 645 1378 700 1417; x_wconf 89' lang='lat' dir='ltr'>rec.</span> <span class='ocrx_word' id='word_1_87' title='bbox 719 1380 756 1418; x_wconf 93' lang='lat' dir='ltr'>m.</span> <span class='ocrx_word' id='word_1_88' title='bbox 774 1376 873 1432; x_wconf 81' lang='lat' dir='ltr'>spreor.</span> <span class='ocrx_word' id='word_1_89' title='bbox 888 1354 1011 1423; x_wconf 75' lang='grc' dir='ltr'><strong><em>ἀσθενές</em></strong></span> <span class='ocrx_word' id='word_1_90' title='bbox 1026 1361 1032 1429; x_wconf 87' lang='grc' dir='ltr'>Ι</span> <span class='ocrx_word' id='word_1_91' title='bbox 1047 1353 1198 1428; x_wconf 73' lang='grc' dir='ltr'><strong><em>ἀπατηλὸν</em></strong></span> 
     </span>
     <span class='ocr_line' id='line_1_13' title="bbox 173 1447 1197 1523; baseline -0.007 -15"><span class='ocrx_word' id='word_1_92' title='bbox 173 1451 249 1508; x_wconf 86' lang='lat' dir='ltr'>Plnt.</span> <span class='ocrx_word' id='word_1_93' title='bbox 270 1451 347 1522; x_wconf 84' lang='lat' dir='ltr'><strong>vulg.</strong></span> <span class='ocrx_word' id='word_1_94' title='bbox 369 1454 379 1523; x_wconf 75' lang='lat' dir='ltr'>l</span> <span class='ocrx_word' id='word_1_95' title='bbox 402 1457 459 1508; x_wconf 65' lang='lat' dir='ltr'>aa</span> <span class='ocrx_word' id='word_1_96' title='bbox 478 1447 778 1520; x_wconf 81' lang='grc' dir='ltr'><strong><em>πλατωνεπιλήπτορος</em></strong></span> <span class='ocrx_word' id='word_1_97' title='bbox 796 1451 893 1520; x_wconf 83' lang='lat' dir='ltr'>(supra</span> <span class='ocrx_word' id='word_1_98' title='bbox 909 1469 929 1504; x_wconf 90' lang='grc' dir='ltr'><strong><em>α</em></strong></span> <span class='ocrx_word' id='word_1_99' title='bbox 947 1463 1048 1519; x_wconf 83' lang='lat' dir='ltr'>sprscr.</span> <span class='ocrx_word' id='word_1_100' title='bbox 1067 1449 1095 1516; x_wconf 89' lang='grc' dir='ltr'><strong><em>ν)</em></strong></span> <span class='ocrx_word' id='word_1_101' title='bbox 1115 1447 1197 1518; x_wconf 83' lang='lat' dir='ltr'>Diog.</span> 
     </span>
     <span class='ocr_line' id='line_1_14' title="bbox 177 1532 1199 1610; baseline -0.007 -12"><span class='ocrx_word' id='word_1_102' title='bbox 177 1539 224 1609; x_wconf 86' lang='lat' dir='ltr'>P¹,</span> <span class='ocrx_word' id='word_1_103' title='bbox 249 1535 363 1595; x_wconf 80' lang='grc' dir='ltr'><strong><em>πλάταν</em></strong></span> <span class='ocrx_word' id='word_1_104' title='bbox 387 1536 570 1610; x_wconf 71' lang='grc' dir='ltr'><strong><em>ἐπιλήπτορος</em></strong></span> <span class='ocrx_word' id='word_1_105' title='bbox 588 1539 670 1608; x_wconf 79' lang='lat' dir='ltr'>Diog.</span> <span class='ocrx_word' id='word_1_106' title='bbox 690 1537 871 1610; x_wconf 60' lang='lat' dir='ltr'>Fclwa</span> <span class='ocrx_word' id='word_1_107' title='bbox 894 1532 1199 1606; x_wconf 79' lang='grc' dir='ltr'><strong><em>πλάτανεπιλήπτορος</em></strong></span> 
     </span>
     <span class='ocr_line' id='line_1_15' title="bbox 174 1621 1197 1700; baseline -0.004 -16"><span class='ocrx_word' id='word_1_108' title='bbox 174 1629 257 1700; x_wconf 83' lang='lat' dir='ltr'>Diog.</span> <span class='ocrx_word' id='word_1_109' title='bbox 271 1629 300 1684; x_wconf 90' lang='lat' dir='ltr'><em>B</em></span> <span class='ocrx_word' id='word_1_110' title='bbox 315 1629 357 1700; x_wconf 84' lang='lat' dir='ltr'>(in</span> <span class='ocrx_word' id='word_1_111' title='bbox 375 1645 431 1699; x_wconf 89' lang='lat' dir='ltr'>qno</span> <span class='ocrx_word' id='word_1_112' title='bbox 449 1647 521 1700; x_wconf 81' lang='lat' dir='ltr'>mrg.</span> <span class='ocrx_word' id='word_1_113' title='bbox 540 1631 654 1684; x_wconf 86' lang='grc' dir='ltr'><strong><em>πλατων</em></strong></span> <span class='ocrx_word' id='word_1_114' title='bbox 668 1621 853 1698; x_wconf 74' lang='grc' dir='ltr'><strong><em>ἐπιλήπτορος</em></strong></span> <span class='ocrx_word' id='word_1_115' title='bbox 871 1625 998 1684; x_wconf 79' lang='grc' dir='ltr'><strong><em>τουτέστι</em></strong></span> <span class='ocrx_word' id='word_1_116' title='bbox 1015 1625 1067 1682; x_wconf 72' lang='grc' dir='ltr'>τοῦ</span> <span class='ocrx_word' id='word_1_117' title='bbox 1085 1644 1197 1696; x_wconf 85' lang='grc' dir='ltr'><strong><em>μεμφο-</em></strong></span> 
     </span>
     <span class='ocr_line' id='line_1_16' title="bbox 175 1711 1197 1790; baseline -0.004 -16"><span class='ocrx_word' id='word_1_118' title='bbox 175 1716 265 1790; x_wconf 89' lang='grc' dir='ltr'><strong><em>μένοο</em></strong></span> <span class='ocrx_word' id='word_1_119' title='bbox 279 1713 424 1788; x_wconf 78' lang='grc' dir='ltr'><strong><em>πλέτωνα)</em></strong></span> <span class='ocrx_word' id='word_1_120' title='bbox 439 1719 469 1774; x_wconf 84' lang='lat' dir='ltr'>ct</span> <span class='ocrx_word' id='word_1_121' title='bbox 481 1717 507 1784; x_wconf 70' lang='grc' dir='ltr'>[ς</span> <span class='ocrx_word' id='word_1_122' title='bbox 526 1717 656 1772; x_wconf 78' lang='grc' dir='ltr'><strong><em>πελατῶν</em></strong></span> <span class='ocrx_word' id='word_1_123' title='bbox 671 1711 855 1786; x_wconf 74' lang='grc' dir='ltr'><strong><em>ἐπιλήπτορος</em></strong></span> <span class='ocrx_word' id='word_1_124' title='bbox 869 1715 979 1786; x_wconf 83' lang='lat' dir='ltr'>Roeper</span> <span class='ocrx_word' id='word_1_125' title='bbox 998 1713 1067 1770; x_wconf 86' lang='lat' dir='ltr'>diar.</span> <span class='ocrx_word' id='word_1_126' title='bbox 1085 1713 1197 1784; x_wconf 77' lang='lat' dir='ltr'>antiqu.</span> 
     </span>
     <span class='ocr_line' id='line_1_17' title="bbox 173 1801 1198 1878; baseline -0.001 -17"><span class='ocrx_word' id='word_1_127' title='bbox 173 1807 249 1878; x_wconf 91' lang='lat' dir='ltr'>Xp.</span> <span class='ocrx_word' id='word_1_128' title='bbox 268 1812 322 1876; x_wconf 80' lang='lat'>450</span> <span class='ocrx_word' id='word_1_129' title='bbox 345 1805 409 1862; x_wconf 89' lang='lat' dir='ltr'>coll.</span> <span class='ocrx_word' id='word_1_130' title='bbox 433 1806 527 1862; x_wconf 86' lang='lat' dir='ltr'>Laert</span> <span class='ocrx_word' id='word_1_131' title='bbox 546 1803 586 1859; x_wconf 87' lang='lat' dir='ltr'>IX</span> <span class='ocrx_word' id='word_1_132' title='bbox 608 1811 642 1861; x_wconf 74' lang='grc'>27</span> <span class='ocrx_word' id='word_1_133' title='bbox 663 1807 668 1876; x_wconf 82' lang='grc' dir='ltr'>Ι</span> <span class='ocrx_word' id='word_1_134' title='bbox 688 1805 830 1862; x_wconf 77' lang='grc' dir='ltr'><strong><em>Μελίσσου</em></strong></span> <span class='ocrx_word' id='word_1_135' title='bbox 858 1803 938 1859; x_wconf 86' lang='lat' dir='ltr'>libri.</span> <span class='ocrx_word' id='word_1_136' title='bbox 966 1819 1036 1859; x_wconf 86' lang='lat' dir='ltr'>corr.</span> <span class='ocrx_word' id='word_1_137' title='bbox 1064 1801 1198 1860; x_wconf 83' lang='lat' dir='ltr'>Meineke</span> 
     </span>
     <span class='ocr_line' id='line_1_18' title="bbox 175 1887 1197 1966; baseline -0.003 -16"><span class='ocrx_word' id='word_1_138' title='bbox 175 1911 264 1950; x_wconf 83' lang='lat' dir='ltr'>exero.</span> <span class='ocrx_word' id='word_1_139' title='bbox 278 1896 309 1949; x_wconf 91' lang='lat' dir='ltr'>in</span> <span class='ocrx_word' id='word_1_140' title='bbox 322 1895 424 1951; x_wconf 83' lang='lat' dir='ltr'>Athen.</span> <span class='ocrx_word' id='word_1_141' title='bbox 434 1895 448 1948; x_wconf 96' lang='grc' dir='ltr'><strong>Ι</strong></span> <span class='ocrx_word' id='word_1_142' title='bbox 461 1913 489 1964; x_wconf 89' lang='lat' dir='ltr'>p</span> <span class='ocrx_word' id='word_1_143' title='bbox 501 1899 516 1949; x_wconf 82' lang='grc'><strong>7</strong></span> <span class='ocrx_word' id='word_1_144' title='bbox 530 1896 576 1963; x_wconf 71' lang='grc' dir='ltr'>(ει</span> <span class='ocrx_word' id='word_1_145' title='bbox 586 1893 660 1949; x_wconf 84' lang='lat' dir='ltr'>anal.</span> <span class='ocrx_word' id='word_1_146' title='bbox 674 1912 701 1965; x_wconf 89' lang='lat' dir='ltr'>p.</span> <span class='ocrx_word' id='word_1_147' title='bbox 716 1896 762 1964; x_wconf 75' lang='lat'>27)</span> <span class='ocrx_word' id='word_1_148' title='bbox 776 1895 786 1966; x_wconf 90' lang='grc' dir='ltr'>ΙΙ</span> <span class='ocrx_word' id='word_1_149' title='bbox 799 1911 824 1949; x_wconf 82' lang='lat' dir='ltr'>v.</span> <span class='ocrx_word' id='word_1_150' title='bbox 834 1887 883 1950; x_wconf 74' lang='lat'>3⁶</span> <span class='ocrx_word' id='word_1_151' title='bbox 864 1909 940 1962; x_wconf 84' lang='grc' dir='ltr'><strong><em>ησσο</em></strong></span> <span class='ocrx_word' id='word_1_152' title='bbox 954 1890 1038 1962; x_wconf 83' lang='lat' dir='ltr'>Diog.</span> <span class='ocrx_word' id='word_1_153' title='bbox 1051 1892 1197 1964; x_wconf 70' lang='lat' dir='ltr'><em>BHP93</em></span> 
     </span>
     <span class='ocr_line' id='line_1_19' title="bbox 174 1978 1198 2053; baseline -0.002 -15"><span class='ocrx_word' id='word_1_154' title='bbox 174 1984 239 2038; x_wconf 76' lang='grc' dir='ltr'><strong><em>εἴσω</em></strong></span> <span class='ocrx_word' id='word_1_155' title='bbox 259 1982 340 2052; x_wconf 76' lang='lat' dir='ltr'>Diog.</span> <span class='ocrx_word' id='word_1_156' title='bbox 360 1980 391 2036; x_wconf 77' lang='lat' dir='ltr'><strong><em>F</em></strong></span> <span class='ocrx_word' id='word_1_157' title='bbox 407 1983 461 2038; x_wconf 90' lang='lat' dir='ltr'>oet.</span> <span class='ocrx_word' id='word_1_158' title='bbox 479 1982 532 2052; x_wconf 70' lang='lat' dir='ltr'>{lv</span> <span class='ocrx_word' id='word_1_159' title='bbox 546 1988 564 2036; x_wconf 84' lang='lat'>4</span> <span class='ocrx_word' id='word_1_160' title='bbox 587 1978 757 2052; x_wconf 72' lang='grc' dir='ltr'><strong><em>γιγνόμενον</em></strong></span> <span class='ocrx_word' id='word_1_161' title='bbox 781 1983 844 2037; x_wconf 88' lang='lat' dir='ltr'>add</span> <span class='ocrx_word' id='word_1_162' title='bbox 869 1981 997 2037; x_wconf 84' lang='lat' dir='ltr'>Meineke</span> <span class='ocrx_word' id='word_1_163' title='bbox 1023 1981 1124 2053; x_wconf 89' lang='lat' dir='ltr'>philol.</span> <span class='ocrx_word' id='word_1_164' title='bbox 1144 1979 1198 2036; x_wconf 88' lang='lat' dir='ltr'>XV</span> 
     </span>
     <span class='ocr_line' id='line_1_20' title="bbox 173 2070 1199 2142; baseline 0.001 -16"><span class='ocrx_word' id='word_1_165' title='bbox 173 2090 201 2142; x_wconf 88' lang='lat' dir='ltr'>p.</span> <span class='ocrx_word' id='word_1_166' title='bbox 212 2076 265 2127; x_wconf 82' lang='lat'>330</span> <span class='ocrx_word' id='word_1_167' title='bbox 279 2074 309 2127; x_wconf 89' lang='lat' dir='ltr'>et</span> <span class='ocrx_word' id='word_1_168' title='bbox 322 2071 395 2127; x_wconf 84' lang='lat' dir='ltr'>anal</span> <span class='ocrx_word' id='word_1_169' title='bbox 410 2071 447 2126; x_wconf 84' lang='lat' dir='ltr'>ad</span> <span class='ocrx_word' id='word_1_170' title='bbox 459 2070 527 2125; x_wconf 82' lang='lat' dir='ltr'>Ath.</span> <span class='ocrx_word' id='word_1_171' title='bbox 537 2089 565 2141; x_wconf 87' lang='lat' dir='ltr'>p.</span> <span class='ocrx_word' id='word_1_172' title='bbox 575 2076 619 2142; x_wconf 78' lang='grc'>27,</span> <span class='ocrx_word' id='word_1_173' title='bbox 633 2074 722 2126; x_wconf 86' lang='lat' dir='ltr'>reeta:</span> <span class='ocrx_word' id='word_1_174' title='bbox 737 2089 803 2127; x_wconf 89' lang='lat' dir='ltr'>nam</span> <span class='ocrx_word' id='word_1_175' title='bbox 816 2087 966 2142; x_wconf 79' lang='lat' dir='ltr'>perperam</span> <span class='ocrx_word' id='word_1_176' title='bbox 979 2070 1071 2125; x_wconf 89' lang='lat' dir='ltr'>voluit</span> <span class='ocrx_word' id='word_1_177' title='bbox 1083 2071 1199 2142; x_wconf 87' lang='lat' dir='ltr'>Roeper</span> 
     </span>
     <span class='ocr_line' id='line_1_21' title="bbox 172 2154 786 2219; baseline 0 -3"><span class='ocrx_word' id='word_1_178' title='bbox 172 2161 191 2216; x_wconf 94' lang='lat' dir='ltr'>l.</span> <span class='ocrx_word' id='word_1_179' title='bbox 211 2177 233 2219; x_wconf 85' lang='lat' dir='ltr'>s.</span> <span class='ocrx_word' id='word_1_180' title='bbox 254 2154 350 2216; x_wconf 81' lang='grc' dir='ltr'><strong><em>ἐπάνω</em></strong></span> <span class='ocrx_word' id='word_1_181' title='bbox 369 2159 505 2216; x_wconf 85' lang='lat' dir='ltr'>adiectivi</span> <span class='ocrx_word' id='word_1_182' title='bbox 522 2162 653 2216; x_wconf 88' lang='lat' dir='ltr'>naturam</span> <span class='ocrx_word' id='word_1_183' title='bbox 671 2159 786 2216; x_wconf 88' lang='lat' dir='ltr'>induere</span> 
     </span>
    </p>
   </div>
   <div class='ocr_carea' id='block_1_4' title="bbox 172 2303 1261 3661">
    <p class='ocr_par' dir='ltr' id='par_1_4' title="bbox 172 2303 1261 3661">
     <span class='ocr_line' id='line_1_22' title="bbox 242 2303 1200 2391; baseline 0.004 -19"><span class='ocrx_word' id='word_1_184' title='bbox 242 2329 338 2372; x_wconf 81' lang='lat' dir='ltr'>coum.</span> <span class='ocrx_word' id='word_1_185' title='bbox 370 2311 538 2388; x_wconf 74' lang='lat' dir='ltr'>Epitheton</span> <span class='ocrx_word' id='word_1_186' title='bbox 573 2303 853 2391; x_wconf 77' lang='grc' dir='ltr'><strong><em>ἆμφοτερόγλοσσος</em></strong></span> <span class='ocrx_word' id='word_1_187' title='bbox 884 2313 1044 2387; x_wconf 88' lang='lat' dir='ltr'>tantopere</span> <span class='ocrx_word' id='word_1_188' title='bbox 1076 2313 1200 2389; x_wconf 76' lang='lat' dir='ltr'>placuit</span> 
     </span>
     <span class='ocr_line' id='line_1_23' title="bbox 173 2407 1200 2486; baseline 0.005 -18"><span class='ocrx_word' id='word_1_189' title='bbox 173 2409 361 2486; x_wconf 85' lang='lat' dir='ltr'>philosophis</span> <span class='ocrx_word' id='word_1_190' title='bbox 388 2411 425 2472; x_wconf 88' lang='lat' dir='ltr'>ut</span> <span class='ocrx_word' id='word_1_191' title='bbox 450 2427 548 2486; x_wconf 88' lang='lat' dir='ltr'>usque</span> <span class='ocrx_word' id='word_1_192' title='bbox 576 2407 615 2468; x_wconf 86' lang='lat' dir='ltr'>ad</span> <span class='ocrx_word' id='word_1_193' title='bbox 639 2408 809 2470; x_wconf 77' lang='lat' dir='ltr'>recentiora</span> <span class='ocrx_word' id='word_1_194' title='bbox 830 2411 969 2486; x_wconf 86' lang='lat' dir='ltr'>tempora</span> <span class='ocrx_word' id='word_1_195' title='bbox 990 2409 1141 2470; x_wconf 86' lang='lat' dir='ltr'>traditum</span> <span class='ocrx_word' id='word_1_196' title='bbox 1165 2416 1200 2474; x_wconf 87' lang='lat' dir='ltr'>et</span> 
     </span>
     <span class='ocr_line' id='line_1_24' title="bbox 172 2505 1199 2585; baseline 0.002 -19"><span class='ocrx_word' id='word_1_197' title='bbox 172 2507 278 2566; x_wconf 83' lang='lat' dir='ltr'>multis</span> <span class='ocrx_word' id='word_1_198' title='bbox 303 2505 433 2585; x_wconf 85' lang='lat' dir='ltr'>artibus,</span> <span class='ocrx_word' id='word_1_199' title='bbox 459 2509 604 2584; x_wconf 85' lang='lat' dir='ltr'>exparte</span> <span class='ocrx_word' id='word_1_200' title='bbox 627 2505 798 2568; x_wconf 79' lang='lat' dir='ltr'>falsissimis</span> <span class='ocrx_word' id='word_1_201' title='bbox 821 2505 1006 2583; x_wconf 86' lang='lat' dir='ltr'>explicatum</span> <span class='ocrx_word' id='word_1_202' title='bbox 1029 2506 1079 2585; x_wconf 84' lang='lat' dir='ltr'>sit,</span> <span class='ocrx_word' id='word_1_203' title='bbox 1102 2511 1141 2570; x_wconf 87' lang='lat' dir='ltr'>ut</span> <span class='ocrx_word' id='word_1_204' title='bbox 1164 2509 1199 2568; x_wconf 90' lang='lat' dir='ltr'>in</span> 
     </span>
     <span class='ocr_line' id='line_1_25' title="bbox 173 2602 1261 2684; baseline 0.004 -20"><span class='ocrx_word' id='word_1_205' title='bbox 173 2619 267 2679; x_wconf 88' lang='lat' dir='ltr'>supra</span> <span class='ocrx_word' id='word_1_206' title='bbox 289 2602 393 2663; x_wconf 89' lang='lat' dir='ltr'>allatis</span> <span class='ocrx_word' id='word_1_207' title='bbox 414 2603 599 2664; x_wconf 84' lang='lat' dir='ltr'>testimoniis</span> <span class='ocrx_word' id='word_1_208' title='bbox 621 2603 724 2666; x_wconf 80' lang='lat' dir='ltr'>videre</span> <span class='ocrx_word' id='word_1_209' title='bbox 747 2607 801 2666; x_wconf 89' lang='lat' dir='ltr'>est.</span> <span class='ocrx_word' id='word_1_210' title='bbox 842 2603 1029 2682; x_wconf 84' lang='lat' dir='ltr'>amphibolia</span> <span class='ocrx_word' id='word_1_211' title='bbox 1050 2604 1100 2664; x_wconf 90' lang='lat' dir='ltr'>hio</span> <span class='ocrx_word' id='word_1_212' title='bbox 1119 2623 1198 2684; x_wconf 91' lang='lat' dir='ltr'>quo·</span> <span class='ocrx_word' id='word_1_213' title='bbox 1260 2631 1261 2674; x_wconf 60' lang='lat' dir='ltr'>r</span> 
     </span>
     <span class='ocr_line' id='line_1_26' title="bbox 175 2699 1198 2783; baseline 0.005 -23"><span class='ocrx_word' id='word_1_214' title='bbox 175 2717 234 2778; x_wconf 90' lang='lat' dir='ltr'>que</span> <span class='ocrx_word' id='word_1_215' title='bbox 257 2700 342 2780; x_wconf 86' lang='lat' dir='ltr'>latet,</span> <span class='ocrx_word' id='word_1_216' title='bbox 366 2699 452 2762; x_wconf 88' lang='lat' dir='ltr'>cuins</span> <span class='ocrx_word' id='word_1_217' title='bbox 475 2720 568 2762; x_wconf 88' lang='lat' dir='ltr'>unam</span> <span class='ocrx_word' id='word_1_218' title='bbox 590 2704 709 2780; x_wconf 86' lang='lat' dir='ltr'>partem</span> <span class='ocrx_word' id='word_1_219' title='bbox 726 2701 911 2762; x_wconf 76' lang='lat' dir='ltr'>Plutarchus</span> <span class='ocrx_word' id='word_1_220' title='bbox 935 2703 955 2763; x_wconf 94' lang='lat' dir='ltr'>l.</span> <span class='ocrx_word' id='word_1_221' title='bbox 974 2720 996 2762; x_wconf 80' lang='lat' dir='ltr'>a.</span> <span class='ocrx_word' id='word_1_222' title='bbox 1016 2720 1038 2761; x_wconf 79' lang='lat' dir='ltr'>s,</span> <span class='ocrx_word' id='word_1_223' title='bbox 1058 2703 1198 2783; x_wconf 85' lang='lat' dir='ltr'>agnovit,</span> 
     </span>
     <span class='ocr_line' id='line_1_27' title="bbox 173 2797 1199 2866; baseline 0.005 -9"><span class='ocrx_word' id='word_1_224' title='bbox 173 2797 303 2858; x_wconf 87' lang='lat' dir='ltr'>alteram</span> <span class='ocrx_word' id='word_1_225' title='bbox 332 2803 420 2860; x_wconf 88' lang='lat' dir='ltr'>hemo</span> <span class='ocrx_word' id='word_1_226' title='bbox 446 2799 534 2862; x_wconf 82' lang='lat' dir='ltr'>vidit.</span> <span class='ocrx_word' id='word_1_227' title='bbox 580 2800 659 2862; x_wconf 88' lang='lat' dir='ltr'>Zeno</span> <span class='ocrx_word' id='word_1_228' title='bbox 688 2798 769 2862; x_wconf 89' lang='lat' dir='ltr'>enim</span> <span class='ocrx_word' id='word_1_229' title='bbox 790 2800 914 2860; x_wconf 82' lang='lat' dir='ltr'>Eleates</span> <span class='ocrx_word' id='word_1_230' title='bbox 941 2818 1002 2861; x_wconf 90' lang='lat' dir='ltr'>non</span> <span class='ocrx_word' id='word_1_231' title='bbox 1027 2803 1093 2860; x_wconf 84' lang='lat' dir='ltr'>tam</span> <span class='ocrx_word' id='word_1_232' title='bbox 1115 2820 1199 2866; x_wconf 82' lang='lat' dir='ltr'>nova</span> 
     </span>
     <span class='ocr_line' id='line_1_28' title="bbox 172 2895 1200 2976; baseline 0.003 -21"><span class='ocrx_word' id='word_1_233' title='bbox 172 2895 287 2974; x_wconf 87' lang='lat' dir='ltr'>placita</span> <span class='ocrx_word' id='word_1_234' title='bbox 319 2896 505 2974; x_wconf 78' lang='lat' dir='ltr'>excogitavit</span> <span class='ocrx_word' id='word_1_235' title='bbox 537 2915 630 2974; x_wconf 89' lang='lat' dir='ltr'>quam</span> <span class='ocrx_word' id='word_1_236' title='bbox 656 2915 693 2956; x_wconf 89' lang='lat' dir='ltr'>ea</span> <span class='ocrx_word' id='word_1_237' title='bbox 720 2915 798 2974; x_wconf 89' lang='lat' dir='ltr'>quae</span> <span class='ocrx_word' id='word_1_238' title='bbox 826 2895 1020 2957; x_wconf 86' lang='lat' dir='ltr'>Parmenides</span> <span class='ocrx_word' id='word_1_239' title='bbox 1047 2897 1200 2976; x_wconf 84' lang='lat' dir='ltr'>magister</span> 
     </span>
     <span class='ocr_line' id='line_1_29' title="bbox 174 2993 1260 3074; baseline 0.001 -19"><span class='ocrx_word' id='word_1_240' title='bbox 174 2997 205 3055; x_wconf 89' lang='lat' dir='ltr'>et</span> <span class='ocrx_word' id='word_1_241' title='bbox 224 2993 340 3055; x_wconf 86' lang='lat' dir='ltr'>amicus</span> <span class='ocrx_word' id='word_1_242' title='bbox 353 2994 512 3056; x_wconf 85' lang='lat' dir='ltr'>invenerat</span> <span class='ocrx_word' id='word_1_243' title='bbox 526 2994 701 3072; x_wconf 80' lang='lat' dir='ltr'>explanavit</span> <span class='ocrx_word' id='word_1_244' title='bbox 715 2996 746 3056; x_wconf 89' lang='lat' dir='ltr'>et</span> <span class='ocrx_word' id='word_1_245' title='bbox 760 2998 866 3055; x_wconf 83' lang='lat' dir='ltr'>contra</span> <span class='ocrx_word' id='word_1_246' title='bbox 880 2996 1022 3074; x_wconf 82' lang='lat' dir='ltr'>vulgares</span> <span class='ocrx_word' id='word_1_247' title='bbox 1037 2995 1198 3074; x_wconf 85' lang='lat' dir='ltr'>opiniones</span> <span class='ocrx_word' id='word_1_248' title='bbox 1259 3039 1260 3044; x_wconf 19' lang='grc' dir='ltr'>η</span> 
     </span>
     <span class='ocr_line' id='line_1_30' title="bbox 173 3091 1197 3172; baseline 0 -20"><span class='ocrx_word' id='word_1_249' title='bbox 173 3093 205 3152; x_wconf 89' lang='lat' dir='ltr'>et</span> <span class='ocrx_word' id='word_1_250' title='bbox 228 3091 470 3153; x_wconf 82' lang='lat' dir='ltr'>adversariorum</span> <span class='ocrx_word' id='word_1_251' title='bbox 489 3093 654 3154; x_wconf 86' lang='lat' dir='ltr'>sententias</span> <span class='ocrx_word' id='word_1_252' title='bbox 673 3093 718 3152; x_wconf 89' lang='lat' dir='ltr'>ita</span> <span class='ocrx_word' id='word_1_253' title='bbox 736 3091 871 3153; x_wconf 82' lang='lat' dir='ltr'>defendit</span> <span class='ocrx_word' id='word_1_254' title='bbox 888 3097 925 3154; x_wconf 88' lang='lat' dir='ltr'>ut</span> <span class='ocrx_word' id='word_1_255' title='bbox 943 3093 1014 3154; x_wconf 85' lang='lat' dir='ltr'>illas</span> <span class='ocrx_word' id='word_1_256' title='bbox 1032 3095 1122 3172; x_wconf 88' lang='lat' dir='ltr'>plane</span> <span class='ocrx_word' id='word_1_257' title='bbox 1143 3093 1197 3152; x_wconf 90' lang='lat' dir='ltr'>ab·</span> 
     </span>
     <span class='ocr_line' id='line_1_31' title="bbox 174 3188 1198 3269; baseline 0.003 -20"><span class='ocrx_word' id='word_1_258' title='bbox 174 3188 282 3249; x_wconf 89' lang='lat' dir='ltr'>surdas</span> <span class='ocrx_word' id='word_1_259' title='bbox 316 3207 380 3251; x_wconf 89' lang='lat' dir='ltr'>esse</span> <span class='ocrx_word' id='word_1_260' title='bbox 410 3189 632 3252; x_wconf 86' lang='lat' dir='ltr'>demonstraret</span> <span class='ocrx_word' id='word_1_261' title='bbox 659 3189 771 3268; x_wconf 89' lang='lat' dir='ltr'>quippe</span> <span class='ocrx_word' id='word_1_262' title='bbox 799 3190 831 3250; x_wconf 92' lang='lat' dir='ltr'>in</span> <span class='ocrx_word' id='word_1_263' title='bbox 859 3191 971 3269; x_wconf 85' lang='lat' dir='ltr'>quibus</span> <span class='ocrx_word' id='word_1_264' title='bbox 997 3192 1088 3268; x_wconf 87' lang='lat' dir='ltr'>plene</span> <span class='ocrx_word' id='word_1_265' title='bbox 1115 3191 1198 3252; x_wconf 89' lang='lat' dir='ltr'>inter</span> 
     </span>
     <span class='ocr_line' id='line_1_32' title="bbox 174 3285 1196 3364; baseline -0.002 -14"><span class='ocrx_word' id='word_1_266' title='bbox 174 3301 206 3350; x_wconf 82' lang='lat' dir='ltr'>se</span> <span class='ocrx_word' id='word_1_267' title='bbox 224 3287 427 3364; x_wconf 80' lang='lat' dir='ltr'>repugnantia</span> <span class='ocrx_word' id='word_1_268' title='bbox 445 3288 573 3348; x_wconf 87' lang='lat' dir='ltr'>ridicule</span> <span class='ocrx_word' id='word_1_269' title='bbox 592 3287 765 3350; x_wconf 88' lang='lat' dir='ltr'>consociata</span> <span class='ocrx_word' id='word_1_270' title='bbox 780 3291 893 3348; x_wconf 83' lang='lat' dir='ltr'>essent:</span> <span class='ocrx_word' id='word_1_271' title='bbox 916 3288 953 3361; x_wconf 76' lang='lat' dir='ltr'>cf.</span> <span class='ocrx_word' id='word_1_272' title='bbox 972 3287 1052 3348; x_wconf 89' lang='lat' dir='ltr'>Plat.</span> <span class='ocrx_word' id='word_1_273' title='bbox 1066 3285 1196 3348; x_wconf 86' lang='lat' dir='ltr'>Phaedr.</span> 
     </span>
     <span class='ocr_line' id='line_1_33' title="bbox 172 3375 1196 3467; baseline 0.002 -26"><span class='ocrx_word' id='word_1_274' title='bbox 172 3399 201 3458; x_wconf 89' lang='lat' dir='ltr'>p.</span> <span class='ocrx_word' id='word_1_275' title='bbox 223 3376 310 3443; x_wconf 69' lang='lat'>2611)</span> <span class='ocrx_word' id='word_1_276' title='bbox 332 3377 385 3444; x_wconf 84' lang='grc' dir='ltr'><strong><em>τὸν</em></strong></span> <span class='ocrx_word' id='word_1_277' title='bbox 400 3375 568 3446; x_wconf 80' lang='grc' dir='ltr'><strong><em>Ἐλεατικὸν</em></strong></span> <span class='ocrx_word' id='word_1_278' title='bbox 586 3378 776 3464; x_wconf 79' lang='grc' dir='ltr'><strong><em>Παλαμήδην</em></strong></span> <span class='ocrx_word' id='word_1_279' title='bbox 793 3382 915 3467; x_wconf 76' lang='grc' dir='ltr'><strong><em>λέγοντα</em></strong></span> <span class='ocrx_word' id='word_1_280' title='bbox 933 3378 989 3446; x_wconf 77' lang='grc' dir='ltr'><strong><em>οὖν</em></strong></span> <span class='ocrx_word' id='word_1_281' title='bbox 1007 3383 1090 3463; x_wconf 74' lang='grc' dir='ltr'><strong><em>ἴσμεν</em></strong></span> <span class='ocrx_word' id='word_1_282' title='bbox 1108 3381 1196 3467; x_wconf 76' lang='grc' dir='ltr'><strong><em>τέχνῃ</em></strong></span> 
     </span>
     <span class='ocr_line' id='line_1_34' title="bbox 175 3471 1259 3562; baseline 0.003 -23"><span class='ocrx_word' id='word_1_283' title='bbox 175 3471 247 3546; x_wconf 77' lang='grc' dir='ltr'><strong><em>ὥστε</em></strong></span> <span class='ocrx_word' id='word_1_284' title='bbox 275 3479 436 3558; x_wconf 82' lang='grc' dir='ltr'><strong><em>φαίνεσθαι</em></strong></span> <span class='ocrx_word' id='word_1_285' title='bbox 465 3486 525 3555; x_wconf 85' lang='grc' dir='ltr'><strong><em>τοῖς</em></strong></span> <span class='ocrx_word' id='word_1_286' title='bbox 548 3475 692 3544; x_wconf 77' lang='grc' dir='ltr'><strong><em>ἀκούουσι</em></strong></span> <span class='ocrx_word' id='word_1_287' title='bbox 714 3476 750 3544; x_wconf 80' lang='grc' dir='ltr'>τὰ</span> <span class='ocrx_word' id='word_1_288' title='bbox 773 3475 848 3544; x_wconf 74' lang='grc' dir='ltr'><strong><em>αὐτὰ</em></strong></span> <span class='ocrx_word' id='word_1_289' title='bbox 871 3475 961 3562; x_wconf 78' lang='grc' dir='ltr'><strong><em>ὅμοια</em></strong></span> <span class='ocrx_word' id='word_1_290' title='bbox 982 3478 1033 3542; x_wconf 81' lang='lat' dir='ltr'>aul</span> <span class='ocrx_word' id='word_1_291' title='bbox 1056 3473 1197 3560; x_wconf 73' lang='grc' dir='ltr'><strong><em>ἀνόμοια,</em></strong></span> <span class='ocrx_word' id='word_1_292' title='bbox 1258 3475 1259 3521; x_wconf 66' lang='grc' dir='ltr'><strong>ἓ</strong></span> 
     </span>
     <span class='ocr_line' id='line_1_35' title="bbox 172 3569 1196 3661; baseline 0.004 -23"><span class='ocrx_word' id='word_1_293' title='bbox 172 3573 224 3638; x_wconf 79' lang='lat' dir='ltr'>aui</span> <span class='ocrx_word' id='word_1_294' title='bbox 242 3575 279 3639; x_wconf 66' lang='lat' dir='ltr'>‘iv</span> <span class='ocrx_word' id='word_1_295' title='bbox 302 3573 353 3638; x_wconf 80' lang='grc' dir='ltr'><strong><em>καλ</em></strong></span> <span class='ocrx_word' id='word_1_296' title='bbox 374 3572 478 3658; x_wconf 77' lang='grc' dir='ltr'><strong><em>πολλά,</em></strong></span> <span class='ocrx_word' id='word_1_297' title='bbox 502 3573 629 3658; x_wconf 76' lang='grc' dir='ltr'><strong><em>μένοντά</em></strong></span> <span class='ocrx_word' id='word_1_298' title='bbox 648 3601 677 3642; x_wconf 85' lang='grc' dir='ltr'>τε</span> <span class='ocrx_word' id='word_1_299' title='bbox 696 3569 735 3641; x_wconf 82' lang='grc' dir='ltr'>αὖ</span> <span class='ocrx_word' id='word_1_300' title='bbox 754 3577 804 3644; x_wconf 75' lang='lat' dir='ltr'>aot</span> <span class='ocrx_word' id='word_1_301' title='bbox 824 3574 983 3661; x_wconf 82' lang='grc' dir='ltr'><strong><em>φερόμενα.</em></strong></span> <span class='ocrx_word' id='word_1_302' title='bbox 1012 3599 1072 3658; x_wconf 91' lang='lat' dir='ltr'>quo</span> <span class='ocrx_word' id='word_1_303' title='bbox 1090 3583 1196 3659; x_wconf 81' lang='lat' dir='ltr'>patro-</span> 
     </span>
    </p>
   </div>
   <div class='ocr_carea' id='block_1_5' title="bbox 0 0 1278 3998">
    <p class='ocr_par' dir='ltr' id='par_1_5' title="bbox 0 0 1278 3998">
     <span class='ocr_line' id='line_1_36' title="bbox 0 0 1278 3998; baseline 0 0"><span class='ocrx_word' id='word_1_304' title='bbox 0 0 1278 3998; x_wconf 95' lang='lat' dir='ltr'> </span> 
     </span>
    </p>
   </div>
  </div>
 </body>
</html>
