2542 3996
97 232 146 278 rs.
160 231 285 274 Im-VI
483 247 524 256 -
574 209 635 277 199
683 247 724 254 -

489 409 517 468 V
541 400 575 491 (8
600 403 717 492 Bergk)

256 521 338 592 ούδέ
358 550 390 592 τι
414 529 571 612 (σοίγε)
593 527 801 614 συνέμποροί
821 531 901 614 εἰσι,
924 532 1064 620 φίλυβρι

138 629 317 717 (Ἡδονή)
380 633 393 654 ’

162 815 248 860 ruer.
286 798 449 860 Clemens
472 799 571 859 Alex.
594 803 697 860 strom.
716 801 748 860 Π
767 803 822 879 20,
844 805 905 864 121
925 823 954 879 p.
976 805 1050 882 177,
1066 806 1109 864 44

95 897 188 976 Sylb.,
212 899 277 959 492
301 897 382 957 Pott.
412 891 429 958 δ
456 917 486 957 τε
516 897 649 976 Θηβαῖος
677 892 807 977 Κράτης·
840 892 911 959 ςτάν
938 893 993 976 δέ’,
1026 917 1110 979 φησι,

96 989 208 1074 ‘nodva
230 989 299 1054 κτλ.’
325 986 375 1078 (fr.
400 996 419 1054 3
443 987 578 1077 Bergk).
603 988 694 1056 ((ούδὲ
720 1027 758 1038 -
785 995 936 1076 φίλυβρι».

166 1136 218 1185 τ.1
240 1125 309 1186 ούδὲ
327 1150 354 1184 τι
373 1129 483 1198 scripsi:
504 1124 567 1187 οὐδ’
590 1127 631 1184 ἔτι
649 1129 722 1198 libri,
742 1125 806 1188 ούδ’
827 1133 858 1190 εἴ
867 1151 894 1190 τι
909 1131 1030 1204 Sylburg
1045 1135 1050 1202 1
1066 1133 1115 1188 οοί

95 1239 126 1286 νε
143 1218 208 1274 add.
223 1219 326 1289 Bergk,
339 1221 428 1288 τοίγε
444 1219 574 1288 Hartung
590 1220 594 1288 Ι
611 1216 788 1288 ουνέμτιορόν
803 1215 861 1276 ἐστι
873 1219 993 1293 Sylbnrg
1008 1223 1013 1292 t
1029 1219 1110 1292 φιλύ-

93 1309 172 1383 βρεις
191 1307 321 1380 Hartung
333 1307 343 1377 lt
356 1326 382 1363 v.
399 1313 415 1361 2
429 1303 533 1376 Ἡδονή
553 1305 615 1362 add.
632 1307 732 1381 Bergk,
751 1309 800 1377 qui
818 1310 871 1364 hoe
890 1309 1007 1366 verbum
1023 1309 1111 1366 etiam

93 1397 178 1452 initio
198 1395 284 1467 ipsius
302 1413 398 1452 versus
417 1396 500 1466 primi
519 1395 643 1466 suppleri
661 1414 744 1467 posse
761 1400 860 1468 postea
878 1397 983 1454 adiecit

163 1582 259 1625 nonu.
296 1563 379 1623 Haec
407 1568 488 1624 arcte
517 1564 677 1624 cohaerent
704 1583 773 1624 eum
799 1566 835 1624 fr.
859 1566 935 1644 1111,
965 1571 1001 1628 ut
1027 1573 1108 1628 reete

93 1662 250 1740 perspexit
266 1662 429 1740 Bergkins3
451 1661 591 1740 pergitur
614 1663 693 1722 enim
712 1663 743 1721 in
762 1663 964 1725 describendis
983 1666 1110 1744 cynicis3

93 1761 148 1820 sed
169 1780 228 1820 nou
249 1760 343 1837 probo
363 1757 490 1820 eundem
514 1759 567 1837 qui
585 1779 665 1819 nune
683 1760 758 1819 haee
777 1764 920 1838 temptat:
941 1756 1011 1822 ‘nisi
1030 1763 1109 1823 ferte

93 1858 211 1918 coaluit
240 1858 297 1916 hoe
323 1858 528 1936 fragmentum
555 1876 623 1916 eum
649 1857 685 1916 fr.
710 1860 729 1918 3
753 1879 780 1918 v.
806 1861 834 1918 2,
859 1862 877 1919 3
906 1863 942 1919 ut
969 1859 1010 1919 sit
1038 1861 1110 1920 seri·-

93 1954 227 2015 bendum

162 2053 233 2121 οὔδ’
259 2053 318 2122 tut
341 2059 484 2140 χρυσείων
507 2055 716 2140 δουλούμενοι,
740 2056 810 2124 οὔθ’
835 2055 887 2122 ἀπ’
913 2057 1029 2142 ἒράτυν

162 2153 349 2238 τηξιττύθων,
372 2151 439 2220 οὔδ’
463 2157 494 2218 εδ
510 2179 537 2218 τι
560 2153 746 2237 συνέμττορύν
769 2157 827 2221 ἔστι
850 2160 973 2240 φίλνβρι

162 2249 259 2341 ἡδονῇ
281 2250 508 2334 ἀνδραποδώδει
530 2259 587 2316 ιιτλ.
612 2248 654 2340 (v.
673 2259 709 2316 fr.
726 2261 744 2318 9
765 2256 822 2333 [=
840 2257 885 2316 VI
903 2258 931 2317 h.
951 2251 1058 2341 eoll.]).

94 2391 167 2432 nam
189 2373 265 2432 fud
291 2373 394 2451 potuit
417 2372 570 2432 commode
593 2373 648 2433 hos
671 2372 747 2433 duos
770 2389 875 2433 versus
899 2373 1042 2433 continuo
1062 2393 1111 2434 ex·

94 2463 216 2549 eipere’.
271 2469 381 2548 quibus
419 2489 537 2548 oppono
571 2469 704 2547 primum
736 2470 900 2530 admodum
930 2471 1009 2531 male
1041 2477 1111 2550 post

96 2561 292 2647 δουλούμενοι
319 2569 424 2630 iterari
450 2562 626 2646 ἀδούλωτοι,
654 2568 761 2628 deinde
784 2587 857 2629 vero
879 2587 1000 2629 versum
1023 2569 1111 2630 illum

93 2669 333 2745 pentametrum,
369 2667 423 2744 qui
454 2666 486 2725 in
517 2666 553 2724 fr.
584 2667 603 2726 3
637 2665 789 2726 antecedit
816 2666 891 2727 duos
919 2685 1024 2728 versus
1051 2668 1111 2726 hue

96 2767 225 2842 tractos,
250 2763 313 2825 sine
335 2764 401 2824 ulla
424 2763 649 2841 probabilitatis
672 2763 771 2841 speeie
795 2763 832 2822 ab
857 2764 899 2823 eis
922 2764 1049 2842 seiungi.

478 3081 523 3140 VI
545 3074 580 3164 (9
604 3074 730 3164 Bergk.)

139 3192 250 3286 ἡδονῇ
273 3194 529 3286 ἀνδραποδώδει
551 3195 741 3265 ἀδούλωτοι
762 3197 818 3264 καὶ
841 3194 1004 3265 ἀκνατττοι

140 3301 316 3390 ἀθανάτην
338 3308 512 3391 βασίλειαν
535 3304 733 3392 ἐλευθερίην
758 3299 816 3390 [τ’]
840 3299 1024 3390 ἀγαπῶσιν.

95 3431 310 3442 -ι--ι-

163 3505 250 3548 unsu.
275 3487 438 3549 Clemens
460 3488 559 3549 Alex.
583 3492 685 3550 strom.
710 3489 741 3549 11
765 3491 816 3568 20,
841 3491 901 3550 121
926 3509 955 3566 p.
977 3492 1049 3568 1⁷7,
1069 3490 1111 3550 48

95 3585 189 3665 sylb„
212 3588 277 3647 493
301 3585 383 3647 Ροιι.
407 3578 491 3667 (post
513 3587 721 3649 testimonium
743 3587 782 3646 ιο
804 3587 840 3646 fr.
861 3586 890 3644 v
913 3577 1113 3668 adscriptum)
