2548 4004
550 182 769 248 „53-

156 352 279 425 accepto
308 347 419 406 dicitur
428 345 509 406 osine
538 346 674 422 exemplo
699 341 731 404 ἐν
759 341 840 404 ἔπεσι
863 341 989 424 ἐλεγείας
1012 338 1179 428 γράφεινῑ)
1256 329 1257 368 ί

157 451 187 506 et
210 445 319 506 desunt
346 445 377 503 in
401 443 626 504 enumeratione
649 441 807 502 notissima
831 447 862 502 et
885 444 1055 504 clarissima
1073 445 1179 504 Xeno-

155 543 263 620 phanis
285 547 434 620 poemata,
458 541 640 602 didacticum
662 559 758 600 unum
782 533 1016 622 (aegiptiorum)
1036 543 1181 619 etapica
1257 585 1258 618 3

155 640 216 702 duo
240 633 438 721 (Κολοφῶνος
460 639 551 711 κτίσις
581 643 613 697 et
645 630 661 698 ὁ
689 637 730 710 είς
749 631 853 698 Ἐλέαν
881 631 1069 718 άποιιιισμάς)
1095 659 1179 716 quae

156 743 257 798 tamen
289 738 375 799 novit
405 737 556 815 Diogenes
589 733 646 812 (IX
678 727 742 816 20).
797 735 862 795 hoc
895 736 922 794 si
954 736 1181 815 admiserimus,

157 855 280 913 prorsus
303 835 535 896 intolerabiliter
556 834 589 892 in
612 833 730 894 duobus
752 833 905 909 prioribus
923 833 1065 893 membris
1084 837 1181 895 metri

156 935 260 1012 solius,
283 953 343 994 non
366 932 537 1010 argumenti
560 931 639 991 ratio
660 930 797 1008 habetur,
821 931 853 990 in
870 931 981 990 ultime
1001 934 1181 1009 argumenti

157 1032 260 1108 solius,
283 1051 343 1090 non
367 1030 469 1106 metri3
492 1048 589 1106 neque
608 1029 688 1088 inter
706 1046 736 1088 se
756 1028 939 1088 concordent
957 1028 1018 1088 duo
1037 1030 1180 1090 membra

156 1126 189 1189 ἐν
216 1126 296 1189 ἔπεσι
324 1131 355 1188 et
382 1124 522 1207 ἐλεγείας,
549 1146 619 1186 cum
646 1125 784 1186 debuerit
812 1126 1013 1203 aequabiliter
1035 1126 1096 1186 dici
1120 1131 1181 1188 aut

156 1222 190 1285 ἐν
216 1222 296 1286 ἔπεσι
323 1221 373 1286 καί
397 1222 533 1306 ἐλεγείοις
556 1216 632 1305 (sive
657 1216 696 1283 δι’
722 1215 860 1305 ἐλεγείας)
884 1226 939 1283 aut
962 1221 1017 1302 ἔπη
1041 1221 1091 1284 acri
1115 1222 1178 1286 ἐλε-

155 1321 242 1401 γείοις.

223 1418 332 1480 Omnes
351 1438 422 1480 vcro
441 1418 637 1479 difficultates
655 1418 812 1494 tollentur,
836 1418 862 1478 si
880 1436 998 1478 mecum
1017 1419 1178 1496 scripseris

157 1513 285 1598 γέγραφε
308 1513 341 1578 δὲ
359 1514 392 1578 ἐν
410 1514 490 1577 ἔπεσι
507 1513 558 1576 καλ
575 1513 724 1594 ἐλεγείοις
743 1509 821 1590 (sive
840 1516 922 1592 quod
939 1517 1068 1578 fortasse
1086 1537 1179 1593 prae-
1260 1537 1261 1554 ι

157 1607 250 1695 stat²)
273 1612 325 1676 ιιαλ
348 1608 433 1694 (δι’)
457 1606 594 1695 ἐλεγείας)
617 1611 666 1674 ιιαλ
688 1606 783 1695 (quaa
800 1614 952 1690 particula
971 1614 1009 1674 ad
1028 1615 1121 1674 aliam
1143 1617 1178 1676 in

155 1714 303 1790 poematis
332 1732 350 1772 a
373 1714 557 1791 Xenophane
583 1715 746 1772 tractatam
773 1712 932 1772 materiam
955 1716 1086 1790 spectat,
1114 1714 1180 1774 nisi

155 1812 235 1871 forte
266 1811 394 1870 delenda
425 1804 486 1892 est)
518 1805 645 1889 ἰάμβους
676 1803 749 1870 καθ’
774 1801 905 1888 Ὀμήρου
936 1813 994 1871 ιιτλ.
1025 1802 1180 1890 (scripsit

155 1909 336 1968 hexametris
355 1912 386 1967 et
404 1909 509 1984 elegiis
529 1907 648 1967 etiam'
640 1907 793 1967 irrisiones
811 1907 935 1967 Homeri
951 1902 1178 1991 Hesiodique’).

156 2007 199 2066 sic
222 2005 314 2067 verba
337 1999 503 2066 ἐπικόπτων
526 1997 578 2086 (cf.
598 2004 712 2064 Timon
735 2004 793 2064 sill.
812 2005 848 2064 fr.
867 1997 1053 2085 XXXX)'
1016 2007 1116 2064 αντῶν
1139 2000 1177 2066 τά

157 2099 223 2180 περὶ
245 2105 328 2164 θεῶν
350 2089 489 2183 είρημίνα
512 2103 690 2179 simpliciter
712 2101 751 2161 ad
773 2105 874 2162 totum
895 2102 1089 2162 enuntiatum
1107 2123 1178 2178 per·
1262 2109 1263 2186 l

156 2201 267 2279 tinent,
301 2221 360 2279 quo
393 2203 459 2261 sola
490 2201 615 2262 Homeri
644 2199 869 2277 Hesiodique
861 2200 961 2260 urisio
993 2199 1180 2262 describitur

156 2299 271 2376 pariter
304 2304 395 2377 atque
420 2300 563 2376 ¹proximo
597 2285 801 2380 (ἀντιδοξάσαι
829 2292 921 2356 dii
888 2293 999 2376 λέγεται
1026 2290 1136 2378 uri.)
1128 2319 1177 2358 rn-

156 2397 284 2456 imicitia
311 2416 383 2475 erge
405 2397 601 2474 philosophos
623 2399 655 2455 et
677 2395 886 2472 Epimenidem
909 2395 1052 2472 exercita,
1075 2414 1177 2473 neque

157 2494 193 2552 de
216 2499 390 2570 poematum
412 2495 547 2573 generali
570 2493 759 2553 enarratione
783 2493 893 2572 agitur
939 2510 1035 2570 neque
1059 2491 1091 2551 in
1115 2495 1177 2555 cle·

157 2591 277 2668 giarum
296 2592 440 2652 memoria
457 2590 593 2651 haerebit
613 2591 750 2668 quisquis
769 2574 939 2650 meminerit
957 2609 1070 2667 eorum,
1095 2609 1176 2668 quae

157 2688 272 2766 elegiae
290 2688 485 2765 longissimae
504 2681 537 2770 (1
559 2681 684 2768 Bergk)
702 2709 730 2749 v.
747 2693 785 2748 21
807 2706 850 2766 sq.
869 2688 946 2748 dixit
964 2687 1177 2764 Xenophanes

225 2778 259 2866 3)
294 2785 392 2846 Schol.
419 2785 520 2846 ABL
552 2786 638 2845 Iliad.
671 2788 696 2846 Β
730 2788 793 2846 212
832 2779 869 2846 οὗ
904 2780 1070 2862 Ξενοφάνει
1106 2779 1174 2848 ἄλλ’

151 2875 269 2967 Ὁμήρῳ
297 2878 402 2969 πράτηε
431 2884 521 2946 σίλλοι
548 2882 723 2961 πεποίηνται
751 2874 803 2963 (cf.
826 2882 967 2943 Eustath.
992 2882 1072 2944 adl.
1097 2901 1119 2942 e.
1143 2905 1175 2962 p.

159 2985 232 3062 204,
252 2985 291 3044 21
313 2984 358 3044 cd.
378 2985 463 3044 Rom.
487 2981 518 3044 οί
537 2979 657 3044 παλαιοὶ
680 2983 949 3060 παρασημειοῦνται
972 2978 1105 3043 ἐνταῦθα
1128 2975 1174 3042 ὅτι

157 3074 194 3141 oei
221 3074 315 3158 μόνον
337 3074 515 3159 Ξενοφάνης
541 3079 683 3158 πεποίηκε
711 3078 826 3150 σίλλους
853 3074 886 3138 ἐν
909 3069 954 3150 οἷς
975 3071 1174 3156 εὖδοκίμηιιεν

230 3260 256 3327 1)
275 3257 370 3314 Distat
384 3258 459 3314 enim
473 3275 595 3329 prorsus,
613 3260 689 3328 quod
704 3256 804 3313 Snidas
819 3255 890 3312 dixit
903 3259 939 3327 (v.
955 3255 1085 3326 Θέογνις)
1100 3254 1177 3325 γνοί-

159 3357 212 3407 μας
230 3331 271 3391 δι’
292 3333 417 3408 ἐλεγείας
436 3337 477 3401 είς
496 3336 549 3407 ἔπη
570 3335 634 3413 ,βωῖ

227 3418 256 3487 2)
276 3415 376 3472 Suidas
399 3418 429 3472 in
450 3417 601 3488 lyricorum
624 3418 690 3474 vitis
710 3415 899 3488 compluribus
917 3417 959 3472 ita
976 3417 1060 3473 dixit:
1083 3415 1118 3472 cf.
1140 3436 1167 3474 v.

159 3496 289 3567 Θέογνις,
308 3499 477 3567 Σιμωνίδης,
495 3501 642 3567 Τυρταῖος,
657 3495 821 3567 Παρθένιος
840 3499 885 3567 (ex
900 3495 1063 3552 Schneidcri
1077 3512 1172 3552 emcn-

157 3576 281 3647 datione)
302 3575 417 3648 [Endos.
435 3595 461 3632 τ.
481 3574 600 3647 Σόλων].
