2544 3998
102 249 374 292 rnxm-xxvn
495 263 537 272 -
587 225 650 292 133
695 264 737 274 -

437 425 552 486 XXVI*
577 420 633 508 (27
658 420 791 511 proecd.)

170 549 320 610 Tretzes
344 550 411 608 chil.
435 551 463 609 X
486 552 663 613 806-810
685 553 760 611 haec
783 555 899 612 namet:

146 667 264 736 άνεῖται
278 665 388 755 (Dion)
406 669 456 732 καλ
473 667 543 746 τοδς
561 675 668 754 μίμους
686 671 734 753 δέ,
754 668 786 736 τὸ
800 667 972 754 Σάφρονος
991 676 1121 756 βιβλίον,

145 765 258 853 άνδρδς
281 775 379 850 σοφοῦ
401 774 453 834 τοῦ
475 767 657 852 Σώφρονος,
680 766 766 846 ὄντος
788 770 1014 851 Συρακουσίου·

145 867 306 932 καὶτοῦτο
330 866 363 930 δὲ
383 871 424 955 τῷ
447 864 587 932 Πλάτωνι
609 870 733 931 δίδωσιν
756 862 796 944 ὥς
817 871 981 946 ποθοῦντι,

146 961 205 1045 ἅμ’
231 955 324 1047 οὗπερ
347 961 506 1046 ἐμιμήσατο
530 962 657 1049 γράφειν
678 961 748 1041 τοδς
770 961 942 1049 διαλόγους,

149 1060 192 1140 ὥς
214 1064 248 1126 ἐν
269 1069 331 1138 τοῖς
354 1065 461 1138 σίλλοις
483 1066 620 1143 φαίνεται
643 1059 659 1127 δ
684 1066 786 1142 Τίμων
808 1059 993 1147 διαγράφων.

174 1191 293 1252 Similia
316 1191 439 1268 quidem
460 1191 543 1250 haud
565 1209 634 1251 raro
658 1191 694 1250 de
717 1192 834 1252 ratione
858 1210 935 1269 quoe
959 1191 1038 1251 inter
1055 1191 1123 1251 Ple

100 1291 184 1350 tonis
213 1290 351 1367 dialogos
379 1292 410 1348 et
433 1288 598 1366 Sophronis
625 1289 733 1350 mimos
760 1290 921 1350 intercedit
947 1293 1122 1350 narrentur:

102 1388 140 1448 cf.
154 1387 332 1448 testimonie
346 1405 423 1465 quoe
437 1386 597 1464 Fuehrius,
612 1386 648 1446 dc
661 1388 762 1448 mimis
777 1386 960 1449 Graecorum
978 1409 1007 1466 p.
1023 1390 1063 1449 63
1080 1407 1122 1466 sq.

102 1485 265 1565 congessit.
303 1484 355 1544 sed
377 1504 431 1562 per
453 1485 564 1544 mirum
587 1488 641 1562 est,
665 1485 746 1564 quod
767 1486 897 1563 Tzetzes,
921 1487 974 1563 qui
996 1490 1032 1546 nt
1055 1487 1123 1547 eliis

101 1584 178 1645 locis
207 1583 252 1642 XI
282 1585 298 1640 1
325 1600 368 1659 sq.
392 1583 433 1642 38
459 1600 502 1660 sq.
540 1582 582 1641 sic
615 1585 685 1642 ente
717 1583 819 1643 locum
852 1600 944 1660 supro
976 1583 1124 1661 scriptum

104 1672 316 1762 (reo—805)
338 1678 470 1740 Philolai
493 1678 570 1738 libro
593 1680 689 1740 tradit
710 1698 765 1757 per
782 1680 911 1740 Dionem
935 1684 1036 1757 empto
1054 1681 1123 1740 Ple·

102 1785 208 1840 tonem
241 1778 280 1837 ed
307 1777 465 1838 Timaeum
493 1777 568 1837 alios
595 1777 733 1856 dialogos
761 1777 931 1837 condendos
959 1777 1125 1838 excitatum

104 1895 180 1955 esse,
203 1894 354 1953 nusquam
377 1874 417 1935 ad
440 1875 596 1935 Timonem
619 1879 777 1954 provocet,
805 1879 911 1936 contre
934 1875 1017 1934 solus
1040 1874 1125 1934 illius

104 1976 141 2034 de
168 1973 325 2051 Sophrone
353 1971 475 2032 fabulae
507 1972 588 2032 hunc
619 1977 741 2049 postem
771 1976 881 2034 testem
908 1973 1034 2050 profert.
1076 1991 1125 2032 eo·

104 2072 188 2134 cedit
206 2070 289 2148 quod
306 2069 406 2132 verbis
426 2069 669 2148 dictionibusque
688 2071 788 2130 utitur
807 2062 859 2151 (cf.
878 2072 1041 2147 ποθοῦντι,
1063 2062 1121 2146 ἀφ’

106 2157 201 2248 οὗιτερ
236 2161 394 2246 ἐμιμήσατο
425 2160 568 2249 γράφειν)
601 2187 679 2246 quae
710 2169 874 2250 fragmenti
902 2167 1002 2227 XXVI
1033 2165 1126 2227 verbe

105 2267 249 2327 reddent:
280 2267 384 2343 itaque
411 2265 518 2343 procul
546 2265 638 2326 dubio
665 2265 722 2325 hoc
748 2284 862 2326 novum
885 2264 1019 2323 Timonis
1044 2263 1125 2340 freg-

105 2369 245 2425 mentum
269 2365 334 2424 sole.
352 2363 476 2424 Tzetzee
498 2364 673 2422 confusione
691 2366 798 2422 natum
821 2366 880 2440 est,
903 2379 1001 2439 neque
1024 2362 1126 2436 potest

107 2463 210 2524 efferri
234 2463 293 2522 nisi
315 2461 348 2520 in
371 2460 536 2538 appendice
558 2461 675 2538 prioris.

519 2762 636 2822 mvn
650 2752 717 2843 (rr)

164 2876 273 2968 ’'Opo',
293 2876 529 2966 Ἀσκληπιάδη·
557 2878 666 2945 καλέει
688 2882 811 2965 κρείων
834 2896 871 2944 σε
893 2873 1082 2963 Χαρωνεύς.

397 3064 519 3107 ῊΟΜΕΒΙ
541 3061 706 3106 DETOR'I'VS
730 3061 847 3108 VERSVS

185 3170 212 3220 Δ
228 3167 283 3218 204
302 3155 374 3229 ὄρσ’,
395 3154 589 3230 Ἀσκληπιάδη·
608 3157 706 3214 καλέοι
723 3162 825 3230 κρείων
841 3153 1022 3228 Ἀγαμέμνων

180 3349 268 3392 rnen,
287 3329 501 3389 Athenaeus
515 3326 571 3386 XV
585 3347 613 3403 p.
626 3326 705 3386 666·
717 3318 792 3404 πρὸς
805 3317 842 3386 ὃν
856 3317 1021 3405 (medicum
1036 3344 1129 3404 quen·

113 3430 184 3490 dnm
207 3420 381 3509 convivam)
407 3417 577 3496 Οάλττιανδς
599 3420 671 3501 ἔφη·
696 3416 781 3500 «ὅρσ’
807 3453 849 3464 -—
874 3416 1067 3500 Χαρωνεύς»,

184 3623 281 3668 oomr.
319 3603 410 3665 Hunc
438 3621 560 3664 versum
587 3603 717 3678 usurpet
739 3599 893 3680 Cynulcus
916 3600 1052 3677 cynicus,
1082 3597 1131 3656 'li-
