2548 4004
552 184 774 248 ..34-

156 354 255 411 sectae
272 347 412 409 medicos.
440 347 545 426 itaque
563 346 713 424 sceptieus
726 347 776 408 vel
790 346 951 424 empiriens
970 347 1064 407 fuerit
1076 347 1184 425 Apol·

154 438 313 529 lonides1).
332 477 376 490 -··
399 445 453 505 sed
474 449 665 506 revertamur
685 444 724 504 ad
747 445 911 504 Timonem.

221 545 288 605 Iam
319 542 435 620 delapsi
466 560 571 604 sumus
604 541 643 601 ad
674 559 725 603 eos
757 542 919 618 scriptores
956 562 1086 620 quorum
1117 563 1185 620 per
1261 539 1262 568 ³

154 644 248 704 libros
271 641 450 719 superstites
472 640 610 700 sillomm
633 639 779 717 reliquiae
804 643 956 718 quotquot
977 641 1040 700 fere
1064 634 1181 724 sunt²)

154 740 195 800 ad
215 758 270 801 nos
292 742 507 818 pervenerunt,
536 740 675 796 auctores
698 737 824 797 alterins
848 741 879 797 et
901 737 987 798 tertii
1008 742 1079 815 post
1102 737 1180 798 Ohr.

155 838 277 899 saeculi
322 855 358 897 ac
380 837 512 913 primum
535 833 658 912 quidem
685 834 926 895 litteratissimus
954 836 1180 913 grammaticus

152 936 366 996 Athenaeus
385 934 477 994 etiam
495 931 580 992 sillos
598 923 783 1014 lectitavit³)
805 936 836 991 et
854 932 1010 1010 excerpsit,
1030 937 1181 1010 excerpta·

153 1034 249 1094 doctis
272 1032 426 1109 Iuppiter!
455 1034 487 1091 et
513 1029 672 1090 laboriosis
703 1029 756 1090 sed
781 1030 979 1108 neglegenter
1005 1030 1177 1091 admodum

153 1129 383 1191 conscribillatis
412 1127 475 1189 suis
497 1126 761 1204 Deipnosophistis
788 1127 918 1186 inseruit
940 1127 984 1188 ita
1006 1131 1110 1188 tamen
1132 1134 1180 1190 ut

152 1247 213 1288 uno
237 1230 316 1288 certe
339 1225 406 1286 loco
430 1217 481 1306 (fr.
505 1217 564 1305 44)
587 1222 726 1285 convinci
751 1225 849 1302 possit
876 1243 1024 1285 conexum
1051 1229 1178 1286 senten·

152 1325 266 1384 tiarum
284 1342 354 1384 cum
372 1325 512 1399 excerpta
529 1321 586 1380 illa
601 1325 767 1398 usurparet
783 1323 929 1382 memoria
946 1342 1007 1383 non
1026 1324 1176 1384 tenuuse.

152 1423 241 1499 longe
264 1439 336 1482 vero
359 1420 492 1497 plurima
519 1419 691 1497 segmenta
718 1419 917 1481 innotuerunt
943 1439 999 1498 per
1023 1421 1177 1499 sceptica-

151 1539 220 1578 1um
248 1537 383 1596 operam,
412 1517 560 1578 Sextum
583 1516 805 1594 Empiricum
832 1518 899 1578 dieo
928 1523 958 1579 et
980 1518 1176 1578 Laertium

151 1617 358 1695 Diogenem.
404 1635 534 1693 querum
556 1615 609 1674 ille
631 1615 713 1691 ipsos
736 1615 833 1692 sitlos,
857 1615 976 1694 opinor,
999 1615 1089 1694 legii,
1119 1615 1174 1676 hic

152 1715 255 1792 aliqua
278 1732 315 1774 ex
336 1717 423 1790 parte
445 1712 594 1790 Antigoni
615 1709 748 1788 Carystii
770 1712 872 1789 copias
895 1704 1083 1794 expilatis),
1107 1713 1175 1772 alia

151 1814 279 1873 fortasse
306 1830 343 1871 ex
370 1811 439 1870 aliis
466 1808 639 1886 praecipuis
669 1809 802 1869 vitarum
835 1828 959 1868 suarum
990 1809 1173 1869 auctoribus

150 1909 266 1986 hausit,
289 1908 342 1967 sed
360 1926 396 1966 ea
414 1923 492 1984 quae
510 1906 560 1968 vel
581 1906 669 1966 initio
693 1907 742 1967 vel
766 1906 822 1966 sub
840 1905 930 1966 finem
948 1906 1031 1967 vitae
1050 1907 1171 1966 adicere

151 2007 228 2065 solet
251 2024 287 2063 ex
309 2003 491 2082 Apollonide
517 2003 662 2092 petiverit
685 1994 759 2084 (nisi
781 2003 939 2081 statueris,
964 2003 1045 2081 quod
1065 2004 1172 2064 minus

92 2141 97 2154 ·
149 2101 320 2180 probabile,
342 2101 443 2178 ipsum
466 2101 558 2161 etiam
580 2101 738 2162 Laertinm
760 2101 845 2161 sillos
872 2101 951 2162 inter
977 2118 1086 2162 manus
1113 2100 1172 2160 ha·

149 2192 274 2282 buisse).
310 2199 372 2258 iam
394 2217 466 2260 vere
490 2198 622 2275 sceptica
647 2198 840 2276 philosophia
861 2217 916 2275 per
932 2198 1171 2259 Aenesidemum

148 2297 329 2356 resuscitata
350 2296 466 2356 factum
489 2299 548 2372 est,
571 2299 608 2355 ut
629 2295 792 2355 acerrimus
812 2295 876 2354 eius
896 2295 1086 2356 adversarius
1105 2296 1170 2354 exi-

150 2397 243 2453 steret
257 2393 462 2452 Aristocles
485 2391 714 2471 peripateticus,
734 2391 792 2469 'qui
809 2393 945 2470 ipsorum
964 2393 1169 2469 eoeptieorum

150 2487 334 2566 compendiis
367 2489 548 2568 quibusdam
578 2481 688 2572 usus⁵)
722 2490 760 2549 ad
792 2509 897 2550 eorum
922 2490 1036 2568 placita
1062 2489 1169 2567 profli-

222 2697 248 2764 1)
268 2694 367 2762 Neque
382 2696 425 2748 est
439 2709 488 2748 eur
502 2709 566 2748 eum
576 2693 794 2749 Wilamowitzio
809 2696 975 2764 statuamus,
991 2694 1078 2749 verba
1091 2688 1166 2763 παρ’

149 2769 228 2844 ἡμῶν
251 2787 308 2828 non
332 2772 495 2842 ahaertie,
520 2772 571 2828 sed
593 2788 612 2827 a
629 2773 752 2844 sceptico
776 2774 897 2843 quodam
919 2775 1034 2830 austere
1058 2771 1169 2844 scripta

149 2857 178 2909 et
194 2870 247 2924 per
263 2851 345 2908 illum
363 2853 470 2909 temere
487 2852 590 2908 iterata
607 2868 681 2908 esses
699 2853 764 2908 vide
783 2869 867 2924 supra
885 2853 948 2908 adn.
969 2858 984 2909 5
1004 2853 1040 2908 ad
1058 2871 1086 2922 p.
1101 2860 1125 2911 9.

219 2937 247 3004 2)
266 2931 384 3003 Singula
402 2933 540 3002 quaedam
558 2932 731 3002 fragmenta,
751 2949 824 3004 quae
843 2933 978 2990 exhibent
994 2932 1168 2989 Plutarchus

148 3017 196 3085 (2),
212 3011 335 3069 Galenus
351 3013 399 3084 (1),
415 3011 523 3068 Gellius
536 3014 584 3083 (1),
598 3011 754 3068 Numenius
768 3029 814 3082 ap.
826 3013 928 3068 Euseb.
943 3013 991 3083 (1),
1006 3012 1056 3082 qui
1068 3011 1169 3068 hausit

148 3111 182 3148 ex
202 3094 346 3165 Antigono
365 3093 410 3163 (cl.
425 3091 658 3148 Wilamowituins
675 3110 703 3162 p.
719 3098 790 3162 las),
810 3093 930 3162 deniqne
949 3092 1078 3148 Clemens
1095 3092 1166 3146 Ale·

146 3174 298 3229 nandrinus
321 3174 374 3244 (3),
392 3171 440 3227 hie
464 3171 578 3240 emittm
609 3188 681 3242 quae
703 3188 770 3227 vero
793 3171 930 3228 Eusebius
953 3170 983 3226 in
1003 3188 1099 3242 praep.
1124 3187 1166 3226 eo.

145 3252 262 3324 profert,
281 3269 345 3308 cum
364 3270 398 3308 ex
411 3251 550 3308 Numenio
565 3255 627 3308 tum
641 3269 675 3308 ex
688 3251 826 3308 Aristocle
841 3253 871 3306 et
884 3251 1028 3307 Clemente
1047 3253 1083 3306 ad
1102 3267 1167 3305 ver-

146 3333 213 3388 bum
233 3331 378 3402 descripta
395 3334 467 3389 sunt.

218 3414 246 3482 3)
266 3410 359 3467 Semel
377 3412 472 3467 tamen
492 3411 536 3480 (ir.
556 3415 601 3481 30)
620 3413 795 3482 Antigonum
813 3410 969 3482 descripsit.

218 3495 245 3555 4)
265 3490 306 3547 Cf.
325 3491 446 3547 iudicem
463 3491 600 3564 Antigoni
618 3491 868 3548 Wilamouitaiani
885 3509 913 3562 p.
933 3495 994 3548 ³56.

218 3576 245 3644 5)
265 3569 306 3628 cf.
325 3570 558 3628 wilamowitzius
576 3591 604 3643 p.
625 3577 685 3628 128.
