2544 3998
538 227 579 238 -
629 190 692 256 108
739 226 781 236 -
1048 210 1179 255 mucius

157 364 188 421 et
205 359 350 419 Heinsius
373 357 405 416 in
428 375 533 416 comm.
557 356 659 416 societ.
680 354 788 414 Saxon.
806 353 852 412 VI
869 354 929 416 vol.
950 352 1065 429 [1884]
1085 373 1110 413 c.
1130 347 1180 437 4),

158 457 320 518 dummodo
343 457 376 515 in
398 454 627 532 interpretando
649 452 812 512 beatudine
836 470 906 512 cum
932 452 987 512 illo
1015 453 1180 513 consensit

157 559 250 632 atque
272 547 431 632 ἀταραξίαν
448 551 672 614 Democriteam
689 569 750 610 non
773 550 873 611 solum
891 549 1102 636 cempgohavit
1124 551 1181 610 sed

157 653 250 713 etiam
277 651 371 712 auxit.
417 669 488 710 nam
516 654 548 710 st
573 642 606 710 τὸ
630 640 799 726 ἀδιάφορον
821 651 853 709 et
875 641 1020 727 ίίστοργον
1042 647 1180 725 Pyrrho·

157 752 204 811 nis
237 750 379 810 laudasse
410 748 545 810 traditur
576 739 691 828 (Laert.
714 745 803 823 Dieg.
826 746 871 805 IX
894 737 953 827 63)
981 749 1012 805 et
1040 745 1181 806 dolorem

156 849 222 926 ipse
244 848 291 908 ita
312 847 496 924 contempsit
517 848 553 906 ut
574 863 630 922 per
647 843 878 905 Nicocreontem
897 843 990 923 Cypri
1007 846 1179 922 tyrannum

156 947 189 1007 in
211 944 356 1007 mortario
380 946 525 1004 contusus
549 943 692 1002 effaretur
714 943 871 1019 praeclara
889 941 945 1000 illc
963 944 995 1002 et
1013 940 1181 1002 decantata
1259 935 1260 938 ’

156 1043 250 1105 νοτίου
267 1041 376 1118 πτίσσε,
398 1039 498 1102 πτίσσε
517 1033 568 1102 τὸν
588 1033 771 1118 Ἀναξάρχου
789 1031 940 1114 θύλακον,
963 1031 1075 1118 οὐγὰρ
1094 1037 1181 1098 πτίσ-

156 1156 217 1213 σονς
235 1132 425 1217 Ἀνάξαρχον.
463 1138 557 1199 etiam
579 1138 611 1196 in
633 1136 741 1216 logicis
765 1136 986 1214 quodammodo
1009 1135 1183 1196 Democriti
1260 1161 1261 1204 1

158 1238 290 1316 vestigia
313 1235 474 1313 expressit,
504 1253 574 1295 cum
597 1253 686 1294 sensa
707 1234 797 1311 plane
820 1223 945 1294 ¹fallacia
966 1251 1030 1294 esse
1054 1237 1182 1294 conten·

159 1336 218 1412 dit3
241 1336 306 1412 ipse
330 1333 410 1392 enim
430 1334 461 1393 et
478 1332 669 1393 Metrodorus
688 1335 766 1392 teste
786 1331 878 1392 Sexto
891 1332 979 1410 Emp.
994 1331 1061 1392 adv.
1075 1330 1182 1410 dogm.

159 1432 232 1492 188
252 1424 305 1513 (cf.
321 1423 380 1513 48)
402 1428 608 1512 σκηνογραφίρι
625 1421 790 1490 ἀπείκασον
807 1423 846 1516 τίαΙ
861 1423 946 1506 ὄντα,
968 1432 1030 1500 τοῖς
1051 1449 1082 1489 τε
1104 1422 1183 1488 κατὰ

159 1522 276 1601 ίίπνονς
298 1521 319 1606 ἢ
339 1527 449 1606 μανίαν
471 1526 688 1606 προσπίπτουσι
708 1528 800 1587 ταῦτα
822 1519 996 1604 ὦμοιοῖσθαι
1015 1518 1182 1605 ὑπέλαβον,

159 1626 361 1704 similiterque
384 1644 419 1686 ac
441 1624 634 1686 Democritus
657 1615 1180 1708 (fr.mor.140—-142Mullach.)

158 1723 352 1802 πολυμαθίαν
377 1723 423 1783 nil
449 1723 551 1784 valere
578 1721 639 1782 nisi
665 1722 831 1798 prudenter
854 1722 1023 1792 adhibitam
1045 1722 1124 1783 dixit
1146 1724 1182 1784 in

159 1822 249 1882 unico
272 1821 326 1881 ille
346 1821 516 1899 fragmento
536 1836 597 1896 quo
616 1819 684 1895 ipsa
701 1819 767 1880 eius
784 1819 879 1881 verba
896 1822 1017 1882 servata
1035 1825 1118 1899 sunt,
1142 1840 1183 1882 ea

160 1937 281 1996 quoque
310 1937 406 1997 genus
433 1917 554 1978 dicendi
581 1915 755 1977 exhibentia
785 1918 957 1995 proximum
983 1918 1181 1980 Democriteo
1262 1923 1263 1960 ³

159 2008 211 2097 (cf.
227 2013 319 2075 Olem.
334 2015 420 2075 Alex.
435 2019 538 2076 strom.
552 2015 569 2073 I
584 2017 602 2074 6
622 2035 651 2092 p.
668 2017 731 2075 123
747 2015 840 2094 sylb,
860 2017 923 2075 337
938 2015 1019 2076 Pott.
1035 2041 1077 2064 =
1094 2017 1182 2077 Stob.

158 2113 223 2174 flor.
246 2113 374 2174 XXXIV
400 2115 439 2174 19
474 2131 564 2190 quem
596 2112 698 2173 locum
724 2112 837 2192 insigni
864 2114 1003 2174 acumine
1030 2116 1182 2177 tractavit

71 2272 74 2280 ,
160 2211 346 2289 Bernaysius
359 2229 436 2271 mue.
451 2210 545 2270 Rhen.
555 2209 653 2288 VHp.
665 2211 729 2271 306
740 2228 783 2288 sq.
795 2236 836 2258 =
849 2209 915 2272 Ges.
930 2209 1004 2272 Aoo.
1019 2211 1035 2271 I
1048 2232 1076 2289 p.
1089 2205 1182 2295 123).

160 2310 222 2369 fuit
244 2310 341 2388 igitur
358 2308 556 2369 Anaxarchus
574 2306 785 2368 Democriteus
803 2327 975 2388 germanus,
993 2327 1184 2387 quamquam

159 2408 310 2485 scepticae
332 2410 432 2468 sectae
455 2405 578 2465 minime
600 2406 675 2466 licet
697 2424 767 2464 sum
789 2405 968 2466 adscribere.

228 2505 287 2564 Sed
308 2505 418 2564 hebuit
439 2507 542 2564 tamen
561 2503 669 2563 Timon
688 2521 742 2562 our
759 2502 900 2580 magistri
924 2504 973 2564 sui
994 2503 1180 2582 magistrum

160 2621 188 2662 v.
214 2605 231 2660 1
258 2605 289 2661 et
314 2601 500 2661 claudibus
528 2601 660 2660 efferret:
693 2601 786 2661 etiam
808 2595 918 2662 κύνεον
940 2597 1028 2679 μένος
1060 2606 1182 2679 spectat

159 2699 259 2759 solum
290 2699 330 2757 ad
362 2698 428 2758 eius
460 2697 663 2759 constantiam
685 2685 727 2757 ⁸et
753 2687 906 2758 ἀπάθειαν
933 2717 1003 2759 vere
1032 2699 1181 2779 cynicum,

160 2814 253 2874 quam
278 2799 376 2856 morte
404 2796 625 2874 comprobavit,
654 2795 777 2854 minime
805 2795 845 2855 ad
871 2793 1080 2856 adulationem
1109 2797 1182 2857 Ale-

159 2893 267 2954 xandri
290 2912 368 2972 quae
391 2894 458 2971 ipsa
479 2894 555 2953 mire
578 2883 711 2971 ingenua
735 2892 879 2953 libertate
908 2897 975 2954 erat
1000 2896 1181 2972 temperata.

159 3012 214 3054 nec
245 2994 375 3071 possunt
407 2992 473 3053 eius
499 3009 598 3051 mores
626 2992 732 3069 quales
765 2991 902 3068 depinxit
930 2991 1038 3052 Timon
1069 2993 1182 3054 melius

159 3090 310 3152 illustrari
338 3107 430 3168 quam
457 3089 501 3150 eis
524 3105 604 3166 quae
626 3089 811 3149 Plutarchus
833 3090 919 3149 Alex.
944 3090 986 3149 52
1018 3089 1140 3167 scripsit
1164 3083 1181 3152 ὁ

156 3180 336 3268 Ἀνάξαρχος
363 3186 460 3249 ἰδίαν
487 3178 553 3247 τινὰ
576 3180 777 3266 πορευόμενος
805 3185 836 3260 ἐξ
858 3181 952 3267 ἀρχῆς
974 3179 1048 3248 ὁδὸν
1070 3184 1105 3247 ἐν
1127 3211 1180 3265 φι-

160 3286 287 3368 λοσοφίᾳ
314 3283 365 3347 καί
392 3280 485 3360 δόξαν
512 3278 641 3363 εἰληφὼς
668 3277 836 3363 ὑπεροψίας
863 3281 913 3344 καί
936 3277 1092 3365 ὀλιγωρίας
1119 3287 1180 3347 τῶν

160 3376 314 3460 συνήθων.

226 3479 331 3541 Nihilo
355 3481 450 3541 setius
468 3480 666 3542 Anaxarchus
688 3497 779 3541 verus
803 3481 922 3559 sapiens
945 3480 1102 3559 nonfuit,
1127 3480 1181 3542 scd

161 3577 261 3639 solum
283 3577 420 3655 sophista
443 3570 485 3660 (v.
510 3571 559 3661 4),
586 3581 624 3639 ut
647 3578 740 3639 etiam
762 3579 844 3655 apud
867 3579 948 3640 Plut.
972 3577 1058 3640 Alex.
1084 3581 1125 3640 28
1149 3583 1183 3641 et
