2542 3996
545 219 588 230 -
638 185 701 250 182
747 219 789 228 -
1051 203 1194 248 01110010

161 350 194 412 in
218 368 278 429 quo
301 349 433 428 gallinae
456 351 575 426 ponunt
598 366 656 410 ova
679 350 733 408 aut
755 346 902 408 incubant
921 394 927 406 .
944 394 973 408 ..
996 345 1069 425 quia
1094 347 1194 426 galli·

162 449 210 508 nis
233 446 446 508 incubantibus
469 447 554 525 large
577 446 662 505 cibus
686 445 820 523 obsipan'
843 445 935 524 solet,
957 445 1028 506 inde
1050 438 1083 506 τὸ
1110 467 1193 522 μου·

163 549 243 606 σεῖον
265 549 357 623 00010
374 544 427 606 ille
445 543 571 604 mordax
587 536 715 621 10110000
737 543 867 621 vocavit,
890 544 922 602 in
947 563 1008 621 quo
1027 543 1194 621 sophistae

165 641 356 722 grammatici
386 645 495 719 poetae
524 640 555 700 id
583 658 678 718 genus
711 641 847 702 homines
876 641 985 719 opimis
1013 641 1193 701 honorariis

165 758 243 820 quae
264 759 283 800 a
300 739 483 800 Ptolemaeis
504 736 714 815 percipiebant
736 732 918 800 alebantur?
955 756 1063 800 vereor
1078 741 1193 798 tamen

163 842 200 899 ut
222 841 304 898 recte
322 837 370 898 vir
389 835 516 898 eximius
540 826 639 916 (nisus
662 836 769 912 procul
791 834 883 897 dubio
904 833 1092 896 Columellas
1107 835 1192 896 VH]

166 937 282 996 3017
314 934 543 1014 gallinariorum
575 925 791 1015 descriptione)
823 933 869 993 ita
900 933 1058 1012 statuerit3
1089 934 1192 994 immo

165 1033 287 1094 aliunde
319 1031 499 1109 proficiscor.
546 1030 748 1092 Alexandriae
783 1031 816 1090 in
846 1031 933 1112 regia
960 1049 979 1090 a
1005 1030 1191 1092 Ptolemaeo

164 1131 364 1208 Philadelpho
392 1129 524 1208 primum
551 1160 593 1171 —
618 1133 709 1191 antea
737 1129 817 1188 enim
843 1128 979 1206 paradisi
1007 1130 1109 1189 solum
1139 1131 1192 1190 vel

165 1228 316 1305 leporario
338 1231 413 1287 nota
436 1229 588 1287 erant-
611 1219 766 1306 πάναγρον
789 1226 870 1304 quod
893 1225 1053 1286 Athenaeo
1076 1227 1096 1286 l.
1120 1245 1144 1288 0.
1166 1246 1190 1287 0.

166 1326 241 1386 duee
266 1324 403 1402 dixerim,
425 1327 577 1384 nostrates
601 1317 798 1399 ‘Mucaporis'
822 1323 978 1400 appellant
1003 1323 1190 1384 institutum
1261 1352 1262 1364 ¹

167 1427 214 1484 est
232 1440 268 1482 eo
287 1421 425 1500 oonsilio,
447 1425 485 1482 ut
502 1421 618 1482 rariora
636 1425 669 1482 01
686 1420 836 1482 notabilia
856 1420 1000 1482 animalia
1023 1422 1192 1500 peregrina
1261 1435 1262 1440 ’

166 1520 309 1597 impensis
331 1519 424 1598 regiis
443 1522 533 1596 capta
551 1521 583 1579 et
599 1518 735 1597 undique
757 1518 817 1578 hue
836 1520 987 1579 translata
1007 1518 1040 1578 in
1059 1519 1190 1580 vivariis

168 1620 322 1679 alerentur
352 1620 383 1677 et
412 1617 606 1677 domarentur
638 1615 918 1693 spectatoribusque
952 1616 1192 1677 ostenderentur
1262 1673 1263 1698 ,

168 1721 200 1778 et
221 1714 401 1794 praeberent
427 1717 464 1773 ut
491 1732 560 1774 oum
583 1712 808 1792 Agatharchide
835 1715 946 1791 loquar
974 1704 1037 1795 (ap.
1061 1713 1189 1775 Diodor.

169 1805 289 1892 11137)
313 1815 373 1884 τοῖς
390 1809 432 1883 εἰς
450 1803 505 1888 τὴν
523 1809 673 1888 βασιλείαν
695 1802 919 1890 παραβάλλουσι
938 1807 1033 1884 ξένοις
1052 1808 1190 1891 μέγιστον

167 1910 217 1972 acl
240 1901 478 1988 παραδοξότατον
500 1903 609 1985 θέαμα.
655 1906 732 1967 dixit
757 1909 793 1969 de
816 1908 873 1969 hoo
897 1907 1104 1969 Alexandrino
1128 1913 1188 1985 θη-

168 2005 341 2088 ριοτροφείῳ
364 2003 518 2064 Iaeobsius
538 2005 577 2064 ad
595 2004 713 2064 Aelian.
732 2006 802 2066 hist.
823 2005 975 2066 01111ΠΙ
990 2008 1043 2084 44,
1067 1993 1189 2066 1011.Π

168 2127 197 2184 p,
219 2107 281 2165 123
306 2108 337 2164 01
354 2102 536 2182 Lumbroso,
558 2103 684 2162 ricercbe
701 2099 912 2164 Aleesondrioe
934 2124 963 2180 p.
983 2105 1025 2163 85
1046 2103 1116 2163 adn.
1137 2107 1188 2165 15.

170 2204 249 2264 inter
276 2202 353 2262 alias
380 2199 492 2260 bestias
522 2199 614 2259 etiam
640 2198 792 2276 pretiosae
819 2218 890 2261 aves
922 2200 1129 2278 pascebantur
1159 2206 1190 2262 et

170 2300 223 2380 qui
245 2303 347 2360 totum
369 2290 524 2376 uoivuyqov
547 2296 706 2374 descripsit
728 2316 781 2356 rex
800 2297 994 2358 Ptolemaeus
1017 2299 1190 2377 Euergetes

168 2399 201 2458 H
224 2390 286 2479 (ap.
305 2396 415 2457 Athen.
434 2394 506 2454 XIV
528 2414 557 2472 p.
578 2387 670 2476 654⁰)
693 2399 814 2473 praeter
837 2395 913 2455 alias
937 2397 1031 2457 etiam
1053 2396 1190 2456 fasianos

170 2493 424 2557 commemoravit.
461 2483 657 2573 (110111100οο
679 2492 828 2553 vocabulo
852 2492 1049 2554 0111001011.
1069 2495 1091 2553 1.
1111 2513 1135 2554 0.
1160 2499 1191 2554 01

171 2590 341 2653 Columella
363 2588 440 2648 VIII
460 2591 478 2648 3
507 2588 543 2648 de
566 2587 706 2648 vimineis
735 2590 834 2667 qualis
863 2609 939 2676 quos
962 2591 995 2650 in
1018 2591 1192 2670 gallinariis

171 2688 382 2767 imposuerunt
404 2676 576 2766 disserens.)

237 2785 376 2844 Museum
399 2783 496 2861 igitur
518 2781 758 2842 Alexandrinum
781 2784 812 2842 in
836 2784 903 2861 ipsa
925 2785 1010 2863 regia
1033 2784 1130 2844 situm
1158 2787 1191 2844 in

171 2902 231 2961 quo
257 2880 390 2942 συσσίτια
413 2881 563 2941 sodalium
585 2883 759 2960 poetarum,
783 2882 1065 2960 grammaticorum,
1089 2883 1190 2960 philo·

171 2982 335 3059 sophorum
361 2978 504 3057 publicis,
532 2979 551 3039 i.
576 2997 600 3037 e.
624 2978 716 3056 regiis
745 2978 916 3055 sumptibus
944 2978 1136 3039 habebantur
1160 2985 1193 3040 et

170 3080 305 3158 undique
333 3077 469 3155 congesti
496 3076 646 3136 notabiles
674 3075 706 3133 in
728 3074 841 3135 litteris
864 3075 1000 3135 homines
1023 3094 1191 3156 congrega·

171 3177 297 3254 bantur,
326 3175 446 3235 Thnoni
470 3173 558 3252 quasi
581 3173 712 3232 alterum
736 3171 888 3249 quoddam
910 3166 1065 3253 πάναγρον
1088 3173 1192 3234 visum

171 3278 230 3335 est:
258 3273 318 3350 ipsi
344 3272 517 3350 philosophi
540 3303 582 3313 -
606 3289 677 3329 nam
704 3269 759 3330 hos
787 3269 885 3330 solum
913 3269 989 3330 dicit
1011 3261 1054 3351 (v.
1077 3269 1191 3331 Athen.

170 3372 191 3430 1.
211 3387 232 3429 0.
253 3361 304 3451 a),
336 3388 433 3446 neque
462 3369 544 3446 quod
569 3371 640 3444 0001
668 3367 744 3428 alios
774 3365 903 3428 eredidit
926 3367 1190 3448 Wilamowitzius,

171 3465 333 3541 Actiponos
359 3487 387 3543 p.
414 3469 475 3526 167
504 3468 612 3543 poetas
636 3495 677 3505 —
701 3468 859 3541 1011101011
890 3464 1020 3525 rariores
1053 3483 1124 3526 avos
1158 3465 1191 3524 in

173 3563 313 3642 quasillis
344 3561 393 3621 vel
425 3562 456 3620 in
488 3581 599 3640 magno
627 3563 681 3623 illo
710 3562 809 3622 Musei
841 3562 971 3640 quasillo
1000 3563 1190 3641 saginantur.
