2548 4004
512 173 733 238 „39-

111 339 286 418 putareris,
309 340 372 399 ism
393 339 470 398 nihil
491 338 588 416 possis
612 356 722 415 negare
741 355 810 398 cum
829 339 872 398 eis
892 357 1068 418 congruere3
1092 343 1130 402 cf.

112 442 273 515 pinoteres
294 455 401 498 comm.
425 435 464 496 sd
485 437 521 496 ir.
545 435 641 513 XXV.;
664 435 807 511 XXXIII;
828 435 964 496 XXXIV.

184 535 249 596 Ium
277 539 381 595 eutem
408 534 529 612 longius
556 532 809 612 progrediendum
832 534 933 592 estin
955 523 1129 613 usurpando

113 631 308 710 Apollonidis
338 632 513 692 testimonio
541 633 634 708 etque
662 629 892 708 explorandum,
924 651 987 709 qne.
1013 635 1130 696 ratione

113 730 338 807 dispositum
364 729 458 789 inerit
484 729 563 788 illud
592 747 712 788 carmen
725 727 920 788 melodicum
946 730 978 788 in
1006 736 1130 793 cunctos

111 828 312 905 philosophos
334 826 471 889 versibus
493 826 621 886 heroicis
643 825 821 903 plerumque
845 843 881 884 ex
903 823 1034 886 Homero
1055 828 1130 888 ridi·

113 925 187 984 cnle
210 924 336 985 detortis
359 923 570 1000 conscriptum.

185 1022 276 1082 Liber
306 1022 455 1083 secundus
488 1025 518 1081 et
549 1020 659 1081 tertius
690 1020 845 1082 continent
876 1020 1063 1098 colloquium
1094 1022 1131 1082 (le

110 1119 305 1198 philosophis
318 1119 399 1180 inter
412 1119 568 1178 Timonem
584 1118 686 1195 ipsum
701 1117 941 1196 interrogantem
960 1122 990 1178 et
1008 1135 1130 1196 respon·

113 1218 239 1278 dentem
266 1217 481 1294 Xenophanem
509 1214 729 1292 Colophonium
759 1215 937 1276 institutum
969 1207 1021 1298 (cf.
1050 1216 1131 1278 Sext.

113 1317 215 1393 Emp„
237 1315 343 1390 Pyrrh.
354 1313 459 1389 bypI
478 1315 555 1390 2233
578 1313 615 1372 ir.
636 1305 804 1394 XXXXV);
831 1313 976 1373 differunt
997 1314 1078 1375 inter
1099 1334 1131 1376 se

113 1431 153 1474 es
176 1415 357 1488 tantumne,
380 1410 461 1488 quod
479 1408 610 1469 seeundo
627 1410 752 1488 priores,
774 1409 954 1486 posteriores
977 1429 1131 1473 recensen-

113 1515 171 1570 tur
198 1508 302 1585 tertio,
335 1525 425 1584 quem
451 1506 562 1566 idcirco
590 1507 714 1584 quidem
741 1503 879 1586 ἐπίλογον
905 1507 1130 1586 inscripserunt.

112 1608 249 1685 primum
277 1607 381 1665 autem
406 1603 519 1663 librum
545 1608 651 1664 namet
672 1605 822 1682 Diogenes
851 1605 1020 1668 exhibuisse
1048 1601 1132 1669 crito·

114 1697 260 1783 διὴγητον
273 1698 430 1780 ἑρμηνείαν
443 1705 475 1762 et
488 1700 582 1760 fnisse
596 1695 842 1782 μονρπρόσωπον,
859 1705 1015 1762 versatum
1028 1707 1132 1765 antem

113 1819 184 1862 esse
211 1819 307 1878 aeque
333 1803 507 1860 acceleres
534 1798 567 1857 in
593 1799 781 1876 philosophis
808 1799 993 1860 eevfflmdis.
1039 1805 1132 1880 etque

112 1919 149 1960 re
183 1917 255 1960 vers
284 1899 456 1974 permnltse
487 1896 636 1974 reliquiae
666 1896 784 1973 epicum
816 1895 968 1973 quandam
999 1915 1072 1974 pree
1100 1914 1131 1958 se

113 1983 221 2057 ierunt
247 1995 379 2073 speciem
405 1985 452 2075 (id
480 1995 560 2054 enim
587 1991 646 2052 sibi
672 1993 781 2054 volunt
805 1991 899 2054 verbs
921 1987 1133 2074 αὖτοδιήγητος

114 2086 271 2172 ἑρμηνεία)
293 2095 326 2153 et
345 2091 540 2169 potissimum
561 2091 718 2150 hominum
739 2091 820 2150 inter
842 2109 874 2150 se
892 2092 1133 2168 colloquentium

112 2189 287 2252 certissime
312 2187 460 2266 praebent
486 2189 671 2255 testimonie..¹
715 2187 798 2250 rides
831 2189 881 2249 vel
912 2187 982 2246 inde
1012 2189 1134 2264 explodi

112 2309 187 2350 eum
209 2307 301 2366 qnam
320 2288 441 2364 spernit
457 2285 584 2348 Punlius
601 2305 631 2363 p.
647 2288 687 2346 25
712 2287 749 2345 de
768 2286 907 2346 sillorum
929 2304 1045 2346 conexu
1068 2287 1133 2362 opi-

110 2387 254 2464 nionem3
284 2385 459 2445 autumavit
486 2385 566 2444 enim
592 2385 645 2444 ille
671 2383 766 2443 fuisse
793 2401 844 2444 eos
873 2383 995 2462 singule
1017 2384 1049 2442 in
1073 2383 1133 2443 sin-

113 2485 208 2564 gulos
225 2482 421 2560 philosophos
440 2483 574 2542 carmine
590 2481 739 2542 maledics
756 2482 842 2542 nullo
862 2481 942 2542 inter
960 2499 991 2542 se
1010 2481 1133 2542 vinculo

112 2584 265 2658 conteis,
284 2579 489 2658 peculiaribus
506 2580 635 2640 fortasse
654 2578 765 2639 additis
784 2579 885 2639 titulis
904 2577 945 2651 εἰς
958 2571 1133 2656 Σωκράτην,

112 2672 193 2756 πρὸς
210 2671 374 2753 Μάτωνα,
396 2669 471 2754 πρὸς
492 2669 639 2753 φυσικούς
662 2667 776 2758 (quode
794 2680 885 2737 entes
904 2669 944 2758 [p.
961 2677 1002 2736 29
1018 2674 1086 2736 sdn.
1098 2674 1132 2750 3]

113 2769 210 2856 dixi),
234 2766 450 2852 ὅπρόδιιπνος
472 2765 524 2855 (cf.
548 2791 653 2834 comm.
678 2775 717 2834 ed
739 2775 775 2833 ir.
799 2766 866 2854 XI).

184 2871 268 2932 Haec
285 2871 383 2950 igitur
402 2872 503 2932 omnic
521 2872 729 2948 contemplans
748 2871 774 2930 si
790 2871 1053 2949 perpensiteveris,
1073 2889 1134 2947 quc

113 2970 245 3032 undem*
269 2969 388 3029 ratione
413 2968 533 3050 poetica
560 2969 658 3044 possit
685 2967 777 3047 effici,
809 2972 846 3028 ut
873 2966 1008 3027 homines
1036 2968 1134 3029 diver-

107 3069 307 3129 sissimorum
332 3069 505 3143 temporum
526 3067 576 3126 vel
599 3065 653 3126 diu
674 3067 725 3126 rel
746 3085 843 3143 nuper
870 3065 991 3124 demum
1020 3067 1135 3126 mortni

113 3167 198 3226 inter
220 3183 252 3224 se
276 3163 484 3242 colloquentes
507 3167 538 3223 et
556 3163 644 3241 quusi
666 3163 804 3248 fabulam
826 3165 951 3240 agentes
974 3162 1134 3226 exhibean-

110 3267 183 3339 tur,
210 3260 373 3338 praecipue
396 3264 433 3320 ut
456 3260 563 3320 Timon
586 3279 656 3319 cum
677 3260 860 3337 Xenophane
882 3259 944 3320 iem
966 3262 1134 3337 permultos

113 3363 188 3420 ente
227 3377 322 3418 annos
359 3358 502 3418 defuncto
539 3357 740 3418 sermocinans
776 3361 981 3436 proponetur,
1018 3359 1136 3418 nollem

113 3458 226 3536 opinor
243 3454 358 3533 poteris
377 3474 438 3516 non
455 3459 577 3516 tentum
595 3455 720 3532 inquam
737 3454 980 3516 verisimiliorem
1000 3455 1053 3515 sei
1066 3457 1135 3514 nul·

114 3554 178 3614 lum
198 3553 321 3614 omnino
336 3553 428 3612 aliam
440 3553 573 3630 reperire
587 3552 646 3612 nisi
665 3571 739 3631 eam,
758 3556 795 3613 ut
809 3570 930 3614 censeas
949 3557 1031 3613 totos
1050 3552 1135 3612 sillos
