2548 4004
508 1 624 24 ..ι-*ν’

493 195 712 259 -59-

83 353 174 438 ιελ).
221 379 282 435 quo
309 361 376 418 loco
404 358 509 418 statim
537 358 636 418 elucet
664 361 839 437 ceteroquin
862 380 880 420 a
903 363 1110 440 grammaticis

84 455 239 518 litteratis
263 456 478 533 Xenophanem
504 455 636 532 primum
665 457 886 535 sillographum
908 461 1111 522 constitutum

88 572 169 616 esse.
798 578 802 588 ·

159 643 197 731 4)
222 650 348 710 Proelus
377 650 416 708 ad
443 649 578 726 Hesion,
608 667 653 724 op.
681 656 707 710 et
728 653 767 712 di.
791 673 819 714 v.
844 654 908 713 284
935 649 1112 732 Ξενοφάνης

89 741 142 808 διὰ
168 740 210 824 δή
231 769 298 808 τινα
319 740 394 826 πρὸς
416 741 485 820 τοὺς
507 741 570 807 κατ’
598 740 689 808 αὐτὸν
712 743 898 826 φιλοσόφους
921 748 970 809 καὶ
988 745 1111 828 ποιητὰς

87 844 297 924 μικροψυχίαν
320 844 436 916 σίλλους
458 838 588 916 ἀτόπους
611 841 744 906 ἐνθεῖναι
767 839 938 924 (συνθεῖναι
960 847 1024 906 cod.
1047 867 1110 926 reg.

89 941 191 1002 Paris.
212 934 316 1022 2771)
339 938 448 1020 λέγεται
470 935 544 1002 κατὰ
566 936 689 1002 πάντων
712 936 887 1019 φιλοσόφων
904 942 954 1004 κοιλ
971 947 1111 1022 ποιητῶν.

160 1031 197 1120 5)
223 1039 344 1098 Tzetzes
367 1057 414 1115 ap.
433 1038 674 1116 Bernhardyium
693 1040 732 1098 ad
751 1040 841 1102 schol.
856 1041 980 1118 Dionys.
994 1042 1111 1120 Perieg.

87 1157 118 1212 p.
144 1139 234 1196 1010
263 1130 458 1216 σιλλογρᾶφος
484 1139 542 1196 νῦν
568 1128 585 1196 ὁ
607 1130 785 1215 Ξενοφάνης
814 1131 893 1220 (cod.
919 1133 1111 1216 Ζενοφιὶνης)

89 1231 152 1294 ἐστὶ
175 1230 227 1293 sui
249 1225 266 1292 ὁ
293 1234 393 1311 Τίμων
415 1231 465 1294 καὶ
488 1230 587 1310 ἕτεροι.

163 1323 198 1410 6)
222 1329 360 1406 Denique
393 1330 424 1388 in
452 1329 543 1389 schol.
568 1329 731 1408 Aristoph.‚
765 1335 847 1405 equit.
872 1335 935 1393 406
969 1338 1000 1392 et
1030 1333 1112 1410 apud

89 1427 207 1487 Eudoc.
231 1448 261 1504 p.
283 1430 323 1486 87
346 1421 524 1504 Ξενοφάνης
552 1425 585 1486 ἐν
613 1427 720 1500 σίλλοις
747 1447 887 1506 unusque
917 1430 982 1488 eius
1005 1448 1111 1490 versus

89 1525 231 1584 heroicus
255 1525 408 1583 laudatur.

159 1623 283 1684 Adsunt
310 1621 407 1699 igitur
433 1639 484 1680 sex
511 1621 680 1681 certissima
702 1623 885 1700 testimonie,
909 1625 1019 1701 quihus
1042 1643 1110 1701 pro·

89 1721 183 1780 betur
205 1718 421 1795 Xenophanem
448 1719 602 1795 scripsisse
626 1718 763 1778 versibus
786 1718 967 1778 hexametris
991 1738 1111 1782 carmen

91 1816 247 1895 quoddam
279 1834 340 1892 quo
371 1819 477 1891 poetas
509 1815 765 1892 philosophosque
797 1816 892 1876 irrisit
919 1817 1112 1893 potissimum

91 1917 218 1992 propter
250 1912 405 1989 opiniones
439 1912 475 1972 de
509 1911 555 1972 dis
588 1913 731 1990 prolatas.
783 1913 834 1972 cui
861 1915 988 1974 carmini
1014 1915 1111 1975 Xeno-

94 2013 211 2089 phanes
233 2010 310 2068 nihil
334 2009 527 2087 inscripserit,
552 2009 658 2070 σίλλων
680 2011 807 2070 titulum
830 2013 1021 2089 grammatici
1038 2030 1111 2072 non·

96 2108 177 2168 nulli
199 2107 378 2184 inscripsere
401 2107 543 2166 commoti
565 2108 672 2184 procul
690 2108 782 2168 dubio
802 2109 1009 2186 similitudine,
1034 2129 1111 2185 quae

98 2209 178 2268 inter
201 2204 337 2264 Timonis
361 2204 445 2264 sillos
469 2207 501 2264 et
522 2205 579 2264 hoc
601 2225 709 2281 poema
732 2208 944 2284 intercederet,
973 2208 1026 2267 alii
1049 2203 1115 2284 ιὀἱμ-

95 2306 172 2384 βοος
189 2303 339 2378 dixerimt,
363 2301 418 2363 alii
440 2301 569 2377 denique
591 2303 753 2383 παρῳδίας.
785 2323 855 2364 nam
877 2304 982 2362 nullus
1005 2303 1112 2363 dubito

96 2403 171 2480 quin
184 2399 347 2481 παρῳδιῶν
362 2400 567 2476 fragmentum
581 2400 620 2458 ab
633 2401 790 2462 Athenaeo
804 2401 836 2461 Π
849 2422 877 2478 p.
889 2396 944 2461 54ο
958 2405 1112 2462 servatum

97 2498 232 2560 eiusdem
255 2496 397 2556 carminis
420 2489 502 2578 sit¹).
543 2497 695 2582 {alluntur
718 2500 797 2560 enim
820 2500 873 2577 qui
894 2491 1048 2580 censent²)
1067 2499 1112 2560 in·

98 2615 164 2658 esse
186 2595 236 2654 hic
259 2594 384 2654 senilem
407 2594 559 2671 quandam
582 2595 769 2657 hilaritatem
791 2615 914 2673 prorsus
937 2597 976 2658 ab
997 2597 1112 2658 acerbis

95 2694 220 2755 Homeri
242 2692 428 2768 Hesiodique
451 2692 641 2754 irrisionibus
664 2693 883 2756 abhorrentem.
924 2715 1054 2772 namque
1077 2699 1113 2755 ut

95 2792 209 2854 mmai
227 2790 390 2868 fragmenti
403 2807 508 2851 versus
522 2789 704 2866 respondent
718 2791 835 2870 elegiae
847 2793 962 2869 primae
976 2792 1113 2854 versibus

98 2893 137 2950 19
161 2893 194 2948 et
218 2880 413 2965 20,2oivcpsv
436 2881 465 2948 δ’
491 2887 726 2962 deiformiter,
754 2881 788 2961 ὃς
810 2883 902 2950 ἐσθλὰ
924 2883 1002 2949 πιολν
1024 2883 1112 2949 οἶνοι-

94 2989 218 3066 φαίνει
238 2983 242 3064 Ι
263 2979 309 3058 ὥς
336 2983 372 3046 οί
395 2977 593 3064 μνημόσυν’
618 2973 653 3066 ᾖ,
681 2985 723 3045 sic
751 2985 947 3047 statuendum
970 2989 1016 3043 est
1043 3004 1112 3060 pro·

94 3087 189 3146 nimos
222 3086 284 3144 iam
315 3101 375 3142 non
408 3083 586 3160 superstites
616 3083 805 3158 respondisse
835 3081 970 3143 eiusdem
997 3080 1111 3158 elegiae

168 3275 194 3341 1)
220 3271 298 3326 Idem
327 3271 495 3326 censuerunt
521 3269 668 3340 Meuagius
696 3269 733 3324 ad
759 3268 852 3324 Laert.
870 3267 953 3337 Dicg.
971 3266 1010 3320 IX
1031 3273 1063 3323 18
1083 3271 1113 3323 et

98 3350 326 3408 Schneidewinns
353 3349 384 3404 in
412 3349 481 3406 diat.
510 3348 615 3418 antiqu.
646 3354 715 3403 1843
743 3365 770 3418 p.
791 3353 851 3414 ⁷40,
878 3348 929 3403 ιλιλ.
955 3363 1030 3418 poca
1060 3347 1113 3419 tyr.

98 3450 125 3502 μ’
144 3437 193 3578 ⁴25
213 3507 428 3566 walesdunas.
440 3525 467 3580 p.
480 3513 513 3562 ιι
530 3511 559 3564 οι
572 3505 737 3564 narseus.
752 3523 778 3578 p.
790 3512 837 3574 εις
857 3505 902 3562 un
923 3507 1054 3562 siminus
1071 3505 1114 3560 su·

96 3589 172 3647 neec
190 3589 308 3646 Karnine
327 3589 346 3645 l.
366 3607 388 3646 s.
