2542 3996
93 203 171 244 ναι
484 214 526 224 -
575 177 638 242 193
685 213 726 223 -

161 360 258 404 conor.
294 343 387 404 Multi
418 343 516 401 aculei
547 343 645 402 latent
676 342 708 401 in
739 341 787 400 his
820 339 965 417 versibus,
999 293 1111 418 quibus

93 441 253 518 aequalem
279 440 480 500 clarissimum
508 439 676 517 Stilponem
703 439 794 515 petiit
821 436 933 498 Grates.
979 437 1111 515 primum

94 539 175 598 enim
188 531 325 615 τνφωεύς
338 537 370 597 in
385 540 480 598 altero
495 556 585 599 versu
598 556 658 596 non
673 537 850 614 Typhonem
864 534 1015 614 significat
1028 541 1065 595 ut
1079 536 1111 596 in

95 637 233 712 exemplo
247 634 406 695 Homerico
421 636 475 695 sed
487 639 599 696 novata
614 654 633 694 a
646 633 767 695 Cratete
781 636 932 712 potestate
949 628 1112 692 ‘hominem

94 727 344 810 superbientem':
377 752 473 811 neque
507 733 609 793 obstat
642 732 723 809 quod
754 735 849 808 τῦφος
879 731 1010 809 priorem
1042 751 1110 808 pro·

94 831 219 891 ductam
251 831 354 908 habet,
386 850 457 890 nam
489 830 573 891 verbi
604 826 688 907 τύφω
720 831 806 890 mdlx
837 830 904 906 ipsa
936 828 1036 889 brevis
1065 833 1112 888 est

95 922 245 1010 (τέθῦφα,
275 917 401 1010 irripere)
432 932 462 989 et
490 929 528 987 ab
551 929 643 1005 epicis
669 931 807 1004 correpta
829 927 928 1004 prima
950 925 1112 987 verborum

97 1020 251 1104 Τνφωεύς,
277 1020 411 1102 Τνφιὶων
429 1025 542 1086 Atticis
565 1026 744 1104 producitur
761 1026 794 1084 in
815 1025 925 1100 Τυφώς
944 1027 974 1082 et
991 1018 1111 1099 Τυφών.

95 1124 167 1183 dein
185 1124 302 1202 reliqua
321 1123 422 1183 omnia
440 1123 581 1202 ambigue
601 1128 672 1183 sunt
691 1122 780 1183 diota.
813 1121 901 1180 nihili
919 1122 1042 1199 quidem
1058 1127 1112 1199 ost,

95 1221 178 1299 quod
210 1221 392 1298 opinabatur
419 1220 551 1282 Orellius
584 1221 623 1280 ed
649 1220 778 1298 Hesych.
801 1221 897 1280 Miles.
921 1241 950 1296 p.
974 1222 1014 1279 52
1039 1221 1110 1280 Me-

93 1336 183 1397 gara
205 1317 310 1378 Attice
333 1318 459 1379 confusa
485 1338 548 1379 esso
571 1339 589 1378 a
613 1318 734 1379 Oratete
757 1338 826 1378 cum
848 1318 980 1396 Megaris
1000 1318 1111 1379 Siculis

36 1399 42 1406 ’
95 1415 134 1475 ad
158 1414 289 1475 Aetnam
317 1417 396 1494 sitis,
429 1417 481 1476 sed
510 1437 572 1476 una
599 1436 635 1477 ex
661 1421 749 1494 parte
776 1435 881 1477 revera
908 1416 1111 1494 intellegenda

94 1516 167 1572 sunt
191 1514 315 1594 Megara
338 1513 455 1592 Attica,
482 1513 536 1573 ubi
560 1515 680 1592 Stilpon
707 1513 865 1574 habitavit.
912 1517 978 1573 tum
1005 1533 1111 1574 versus

70 1623 75 1638 ¹
93 1610 225 1687 proximi
252 1614 300 1670 sat
326 1611 452 1688 probam
479 1615 510 1671 et
532 1607 697 1689 perfectam
721 1611 818 1671 obiter
840 1609 1013 1687 inspicienti
1034 1613 1111 1671 hanc

92 1706 241 1783 praebent
264 1709 455 1768 sententiam:
479 1702 612 1786 ‘Stilpon
635 1711 760 1788 eiusque
783 1710 913 1768 asseclae
937 1709 973 1768 de
994 1709 1109 1771 virtute

94 1824 126 1864 re
155 1805 222 1882 ipsa
250 1808 388 1884 neglecta
411 1807 502 1866 verbo
526 1811 614 1867 tenus
639 1799 884 1884 disputaverunt'
909 1797 959 1888 (cf.
983 1806 1111 1866 Luciani

95 1902 280 1981 κατατρίβειν
302 1897 333 1963 τὸ
356 1907 408 1981 τῆς
428 1897 532 1982 ἀρετῆς
551 1895 673 1985 ὅνομα);
698 1923 757 1982 quo
779 1904 908 1980 probato
931 1897 1047 1964 διώκειν
1066 1909 1112 1966 est

15 2011 16 2022 ¹
95 1993 275 2076 ‘exponere’.
313 2005 404 2079 atque
423 2022 529 2062 verum
548 2006 593 2062 est
608 2002 776 2079 Stilponem
795 2001 887 2061 etiam
901 2002 1008 2061 ethicis
1022 2003 1112 2062 rebus

94 2115 220 2172 operam
242 2115 369 2157 navasse
393 2091 444 2180 (of.
468 2100 577 2176 Senec,
603 2101 688 2177 epist.
711 2100 867 2177 mor.19,
889 2103 905 2158 1
929 2104 960 2159 et
979 2093 1022 2180 3).
1060 2101 1112 2160 sed
1132 2179 1136 2188 Ι

94 2192 230 2254 nondum
249 2194 371 2272 dispicio
389 2215 442 2255 cur
456 2196 577 2274 Stilpon
591 2198 734 2275 gravibus
749 2197 904 2258 doloribus
919 2197 1051 2258 afflictus
1066 2199 1114 2276 sit,

95 2311 150 2350 cur
174 2292 238 2351 eius
262 2285 346 2351 εὐναὶ
369 2297 651 2354 commemorentur:
676 2294 758 2372 quod
775 2295 876 2371 ipsum
893 2295 1011 2372 patebit
1029 2299 1113 2372 pate·

94 2390 186 2449 factis
215 2390 369 2450 obscaenis
397 2392 514 2451 facetiis
544 2412 622 2470 quae
648 2394 754 2452 insunt
781 2393 812 2451 in
835 2413 862 2452 v.
887 2394 916 2450 4.
961 2411 1032 2450 nam
1058 2385 1113 2470 τὴν

95 2481 205 2566 ἀρετὴν
223 2481 304 2564 παρὰ
321 2483 440 2568 γράμμα
458 2489 557 2551 verbis
573 2490 761 2568 significatur
774 2509 879 2550 vocem
893 2482 999 2567 ἀρετὴν
1013 2490 1113 2550 detor·

96 2585 250 2663 quendam
276 2604 341 2646 esse
369 2607 405 2646 ex
431 2588 547 2648 ratione
576 2579 821 2669 παραγράμρατος
847 2587 998 2648 notissimi
1021 2606 1112 2647 anno-

96 2683 273 2743 minationis
310 2685 427 2763 generis
465 2677 620 2766 (similiter
655 2686 730 2745 lusit
763 2685 870 2744 iisdem
902 2685 1000 2746 verbis
1032 2679 1113 2761 παρὰ

95 2775 217 2861 γράμμα
230 2783 385 2858 usurpatis
400 2783 568 2843 Numenius
586 2782 667 2842 anth.
681 2782 746 2841 Pal.
756 2783 815 2842 XII
831 2776 896 2862 28).
922 2803 981 2860 qua
996 2784 1112 2842 ratione

96 2877 124 2938 si
142 2870 251 2956 ἀρετὴν
269 2879 404 2956 verteris,
424 2880 531 2941 evadet
551 2873 657 2957 ἑτάρην
676 2874 839 2939 ‘meretrix’
859 2871 911 2959 (ef.
921 2880 1030 2938 Athen.
1041 2881 1115 2940 XIII

96 2997 125 3052 p.
146 2976 226 3035 571θ
243 2975 297 3036 ubi
311 2977 478 3037 Meinelrius
497 2980 580 3037 certa
599 2975 806 3038 emendatione
825 2973 936 3053 ἓιαρῶν
953 2970 1116 3058 restituit).

15 3071 16 3084 ¹
97 3073 176 3130 hano
195 3072 291 3150 igitur
305 3067 460 3146 διώκονιες
473 3071 643 3154 κατέτριβον
657 3074 806 3151 Stilponei
818 3076 938 3133 mutata
952 3074 1113 3135 verborum

15 3207 16 3210 =
98 3169 329 3248 significatione,
352 3190 424 3231 nam
446 3165 591 3232 διώκειν
614 3191 693 3232 nunc
714 3176 760 3230 est
780 3165 939 3249 ‘equitare'
958 3175 990 3230 et
1007 3193 1115 3231 κατα-

96 3267 236 3346 τρίβειν
261 3267 293 3326 in
315 3268 406 3329 rebus
430 3268 584 3328 obscaenis
607 3270 753 3330 sollemne
777 3273 823 3329 est
845 3261 898 3351 (ef.
921 3269 1031 3329 Pollux
1054 3269 1115 3330 VII

99 3368 140 3426 39
168 3357 188 3441 ἡ
213 3363 454 3444 κατατειριμμένη
478 3361 603 3448 ἓταίρα);
633 3369 695 3428 iam
722 3367 814 3426 etiam
841 3360 930 3426 εὐναί
954 3371 985 3427 et
1012 3361 1113 3447 χαλέπ’

97 3457 188 3542 ἄλγεα
224 3464 526 3540 comprehenduntur,
581 3464 795 3542 comprobatur
830 3483 901 3525 vero
938 3465 1012 3524 haec
1049 3483 1115 3524 sen-

97 3560 196 3620 tentia
239 3579 273 3621 eo
311 3564 392 3639 quod
429 3563 597 3639 Stilponem
633 3563 830 3622 mulierosum
865 3563 959 3623 fuisse
996 3565 1116 3622 constat

153 3669 262 3718 eorpuno.
277 3671 308 3710 11.
869 3667 902 3715 13
