2544 3998
522 231 564 242 -
612 197 675 261 118
722 231 766 242 -
1028 217 1159 261 umerus

138 349 447 419 Aldobrendinn1eee;
468 367 502 408 ex
515 350 586 408 meis
603 350 683 407 libris
701 351 809 407 habent
822 349 877 407 soli
891 350 974 424 BF!
990 347 1114 422 νήξομαι
1129 351 1160 406 Β
1261 387 1262 424 1

139 458 204 496 cum
218 441 314 511 steph.
334 441 364 495 et
376 440 506 496 Δλὰολιοα
524 441 622 512 ἵξομαι
633 439 676 509 οῖς
693 441 809 511 νίσομαι
828 442 889 510 (aut
903 441 1010 510 ἵξομαι)
1025 440 1161 496 Meinekc
1261 433 1262 446 ¹

139 530 176 584 ad
191 529 330 586 Theocrit.
345 527 436 584 XXIV
450 535 483 585 e1
497 546 525 598 p.
541 534 592 584 362
607 529 670 586 edu.
690 528 751 599 (sed
769 529 799 584 in
812 528 943 584 Addend.
962 529 1000 584 ad
1013 527 1092 585 (lom.
1108 527 1160 587 Gr.
1261 561 1262 568 ο

138 619 195 676 vol
214 618 239 674 V
257 636 285 689 p.
305 622 339 674 28
358 617 485 674 defendit
502 614 636 688 νήξομαι)
652 619 657 688 l
673 614 769 673 νολιὸν
788 617 886 688 Steph.

207 805 302 847 sonu.
335 778 474 863 Νήξομαι
501 785 655 863 propriam
682 784 775 844 hebet
802 784 1067 864 significationem,
1096 805 1162 846 non

138 886 319 946 translatam
332 882 426 960 illam,
437 901 529 960 quam
536 882 706 942 Meinekius
721 882 833 941 collato
844 881 937 941 simili
950 881 1037 943 verbi
1047 885 1158 960 κολυμ-

139 982 198 1062 βᾶν
211 1001 271 1042 usu
289 982 387 1041 inesse
405 981 505 1041 voluit
519 979 600 1040 Gom.
617 977 666 1040 Gr.
681 980 700 1038 1.
716 997 738 1039 s.
756 1011 794 1020 -
811 979 963 1039 Diodorus
978 983 1025 1041 est
1039 978 1162 1040 Oronus

139 1080 319 1159 Megaricus,
337 1079 437 1138 νιιλινιο
450 1079 624 1152 nucem,
638 1080 675 1137 ut
689 1076 733 1137 ait
747 1075 807 1136 Oio.
823 1077 860 1137 de
874 1077 938 1137 fato
956 1079 984 1155 6,
1000 1080 1052 1155 12,
1071 1077 1163 1137 cuius

140 1175 326 1256 λεπτολογίας
349 1179 381 1235 et
398 1168 631 1255 πανουργήμαια
653 1177 868 1235 commemorat
888 1174 1060 1234 Numenius
1084 1175 1163 1236 locis
1263 1171 1264 1182 ’

141 1259 233 1351 suipra
256 1273 295 1332 ad
317 1273 353 1332 fr.
377 1273 449 1332 xvi
473 1272 589 1331 allatis:
612 1272 679 1332 ideo
703 1271 752 1330 hic
775 1265 890 1344 σκολιός
913 1273 1095 1349 appellatur.

208 1370 350 1430 Ceterum
367 1370 424 1449 fig.
439 1369 511 1430 XVI
525 1372 556 1430 et
570 1368 658 1428 XVII
678 1369 821 1429 videntur
843 1369 882 1428 ad
904 1387 1040 1446 pugnam
1064 1388 1164 1446 quan·

140 1467 210 1526 dam
242 1471 378 1545 spectare
412 1486 504 1544 quam
535 1466 709 1527 Arcesilaus
742 1484 815 1544 erge
847 1466 997 1526 Zenonem
1028 1467 1165 1527 stoicum
1264 1487 1265 1492 ¹

141 1563 303 1641 commisit,
328 1582 397 1622 cum
415 1564 471 1625 hoc
490 1565 570 1624 enim
589 1583 677 1624 omne
696 1563 910 1642 gravissimum
931 1567 1082 1623 certamen
1107 1565 1164 1624 ille

141 1661 223 1721 iniit:
256 1661 292 1720 cf.
321 1661 449 1721 Numen.
482 1681 529 1740 ap.
557 1662 668 1721 Euseb.
696 1679 798 1739 praep.
827 1680 932 1739 evang.
962 1661 1034 1720 XIV
1058 1664 1091 1739 5,
1119 1665 1164 1722 12

140 1779 169 1836 p.
191 1761 280 1837 729⁰,
304 1757 363 1818 cn.
387 1758 480 1820 noae.
503 1759 559 1837 pri.
582 1758 614 1818 11
639 1761 689 1836 νο,
711 1760 767 1835 uc,
790 1758 884 1819 neoc.
903 1763 981 1837 post.
1000 1757 1016 1817 1
1037 1761 1087 1838 ιν,
1108 1762 1163 1819 44.
1265 1739 1266 1760 ¹

595 2113 699 2174 XVII]

186 2229 275 2317 †ucl
299 2231 378 2298 νέον
401 2228 551 2317 μήλήσης
575 2228 787 2318 ἐπιπλήξεσιν
811 2228 1060 2317 ἐγκαταμιγνύς.

143 2357 357 2368 η--ι--υ-ιι

210 2433 296 2475 rnen.
337 2416 510 2476 Laertius
542 2416 644 2494 Diog.
672 2415 717 2474 IV
745 2417 786 2476 33
807 2433 850 2493 sq.
884 2403 923 2494 ἦν
955 2407 1166 2498 (Arcesilaus)

143 2505 413 2589 ἀξιωματικώτατος
432 2510 482 2572 ιιοιλ
501 2510 685 2594 συνηγμένος
702 2509 753 2572 παλ
771 2509 804 2573 έν
821 2515 856 2594 τῇ
874 2515 960 2596 λαλιᾷ
979 2506 1168 2586 διαστατικὸς

142 2611 202 2668 τῶν
230 2601 385 2686 ὀνομάτων
411 2603 570 2687 ἐπικόπτης
598 2601 657 2690 (sic
680 2628 783 2670 omnes
806 2610 877 2670 libri
900 2602 975 2691 mei)
998 2603 1032 2668 e’
1058 2604 1167 2684 ἱκανὸς

143 2701 193 2765 καλ
212 2700 443 2784 παρρησιαστής·
462 2699 508 2767 διὸ
527 2703 577 2767 καὶ
595 2701 685 2767 πάλιν
703 2699 719 2767 ό
737 2707 837 2786 Τίμων
851 2699 957 2768 οὑτωσὶ
974 2704 1042 2787 περὶ
1055 2700 1167 2768 αὐτοῦ·

144 2797 215 2861 «καλ
231 2833 270 2844 -
287 2796 535 2884 ἐγκαταμιγνόςν·
557 2797 632 2865 ὅθεν
654 2800 711 2863 ιιαλ
726 2799 802 2883 πρὸς
823 2799 876 2866 τὸν
898 2797 1085 2884 θρασύτερον
1102 2809 1166 2865 κτλ.

144 2892 364 2982 (adnectuntur
395 2902 656 2979 vituperationum
689 2904 826 2980 exempla
857 2902 949 2980 plena
980 2901 1100 2962 facetiis
1131 2907 1167 2963 et

143 2999 218 3058 scite
242 2998 386 3059 adhibitis
410 3003 570 3077 poetarum
592 2993 753 3082 versibus).

215 3133 265 3187 καὶ
282 3130 350 3188 νέον
370 3129 494 3204 μηλήοης
512 3134 567 3204 PQ
578 3134 617 3189 V:
636 3134 686 3190 ιιαλ
703 3131 771 3189 νέον
790 3130 828 3204 μή
847 3129 931 3203 λήσης
951 3134 989 3188 Μ
1005 3131 1092 3202 Marc.
1110 3139 1166 3190 393

144 3220 236 3275 Vatic.
257 3227 316 3290 140,
336 3221 387 3276 καλ
403 3221 471 3277 νέον
490 3218 623 3292 μηλήοεις
640 3223 681 3291 Β,
694 3221 750 3278 ‘nal
768 3220 836 3278 νέον
855 3219 893 3294 μή
912 3219 983 3294 λήσῃ
1002 3240 1032 3276 σε
1053 3220 1096 3290 F,
1115 3221 1169 3277 καὶ

144 3305 213 3363 νέον
232 3305 270 3379 μή
289 3304 375 3382 λήσῃς
393 3311 428 3365 H
442 3313 472 3366 et
490 3311 634 3368 Barberin.
648 3317 710 3379 2¹16,
729 3311 779 3367 καὶ
797 3311 865 3367 νέον
885 3308 922 3382 μή
941 3306 1027 3382 λα’σής
1048 3309 1075 3365 G
1092 3309 1167 3366 Bur-

144 3395 210 3450 bon.
225 3401 277 3450 252
292 3399 321 3452 et
333 3400 359 3466 ές
379 3397 429 3454 καλ
446 3397 514 3456 νέον
533 3395 568 3456 οὗ
586 3397 672 3472 lotape
687 3399 856 3470 Stephanus,
875 3397 925 3454 ιιαλ
938 3394 1007 3455 νόον
1027 3393 1063 3455 οὗ
1077 3396 1168 3472 λήσῃς

145 3483 181 3538 ls.
197 3482 357 3555 casaubon,
381 3487 431 3542 καλ
448 3484 518 3544 νόον
537 3483 571 3545 οὗ
592 3487 686 3559 λήσεις
703 3488 842 3558 Mullaeh,
866 3488 915 3543 ιιολ
933 3484 1003 3543 νόον
1024 3484 1168 3560 αλμαλίοις

146 3571 352 3643 Wilamowitz,
371 3576 527 3646 Anttyonos
545 3597 573 3648 p.
595 3585 628 3634 72
648 3579 725 3647 σάος
748 3579 867 3649 παίγνια
891 3575 929 3647 μὴ
953 3573 1039 3648 λύσῃς
1062 3593 1116 3648 ego
1134 3578 1169 3635 in
