2544 3998
63 226 248 268 raum
462 241 506 252 -
553 206 617 271 123
663 244 704 254 -

136 361 290 428 κορίαννον
312 357 367 414 VL

132 544 231 587 noun.
264 527 349 587 Inter
379 527 542 589 vilissimos
574 528 657 606 apud
685 528 815 589 Graecos
847 530 929 591 cibos
962 533 1087 592 fueumt

63 624 234 702 legumina,
275 642 352 701 quae
389 626 439 685 vel
470 625 661 703 frigebantur
691 628 741 688 vel
772 627 804 685 in
835 627 960 688 modum
990 631 1086 706 pultis

64 721 285 798 coquebantur,
309 721 407 798 lupini
429 723 623 801 potissimum
646 728 678 785 et
700 726 796 784 lentes
820 717 872 807 (de
895 726 1028 787 lentibus
1050 728 1087 786 cf.

65 817 279 896 Wrskemann,
317 820 364 878 die
400 822 497 880 aetite
527 821 797 896 Lundwtrttschatt
825 843 855 899 p.
881 825 923 883 10
950 823 1018 883 adn.
1042 817 1086 904 2).

64 915 107 975 sic
136 915 322 994 generaliter
344 916 421 994 μᾶζα
442 914 492 977 καὶ
515 919 597 995 φακῆ
620 917 703 996 apud
725 919 888 999 Plutarch,
916 939 977 980 non
999 937 1087 998 posse

64 1031 151 1075 suar.
188 1013 254 1074 vivi
282 1032 338 1073 sec.
366 1014 451 1091 Dpic.
475 1033 499 1074 c.
526 1016 565 1074 16
589 1035 619 1091 p.
645 1009 752 1076 1097ss
777 1017 977 1095 similiterque
1005 1018 1088 1095 apud

65 1109 223 1171 Oratetem
241 1105 381 1188 eynieuin
400 1103 451 1193 (fr.
469 1115 510 1173 10
528 1103 654 1194 Bergk.)
674 1114 771 1176 lentes
790 1116 873 1176 solae
892 1119 1089 1193 opponuntur

64 1209 160 1270 lautis
179 1209 281 1286 epulis
298 1209 455 1270 hominum
474 1209 708 1287 elegantiorum:
731 1231 786 1272 nec
805 1212 972 1291 quidquam
990 1213 1087 1291 magis

64 1307 231 1366 ridiculum
244 1306 368 1368 videtur
380 1307 534 1368 Demetrio
554 1299 606 1389 (de
621 1309 731 1370 elocut.
747 1303 826 1392 170)
842 1329 933 1388 quam
948 1310 975 1370 si
989 1312 1088 1388 φακῆς

66 1397 214 1484 ἐγκώμιον
239 1404 351 1483 aliquis
375 1405 483 1466 recitet
505 1405 585 1465 inter
607 1406 739 1482 gulosos.
775 1407 823 1466 his
844 1406 942 1486 igitur
959 1407 1088 1486 dapibus

64 1502 203 1562 contenti
235 1502 362 1563 fuerunt
397 1503 510 1580 cynici,
547 1503 634 1564 velut
664 1496 745 1582 πήρα
778 1507 810 1562 et
840 1501 963 1583 θέρμων
994 1505 1088 1585 χοῖνιξ

66 1604 227 1676 tamquam
259 1599 318 1659 duo
352 1600 529 1677 cynicorum
555 1599 707 1676 prodeunt
734 1599 873 1677 symbola
899 1601 932 1659 in
956 1599 1088 1662 Cratetis

66 1715 160 1758 versu
196 1697 365 1758 clarissimo
399 1689 451 1778 (fr.
482 1699 500 1758 6
534 1687 661 1777 Bergk.)
699 1699 730 1756 et
766 1696 899 1756 lentibus
936 1697 1088 1775 Diogenes

67 1795 192 1871 cynicus
215 1794 298 1855 vesci
321 1795 430 1856 solitus
453 1798 500 1855 est
523 1785 947 1877 (cf.Laert.Diog.V117).
988 1795 1090 1855 Zenon

67 1911 138 1952 vero
172 1891 228 1968 qui
255 1890 408 1952 Cretatam
436 1893 530 1953 etiam
557 1891 589 1949 in
616 1891 716 1951 victus
744 1889 939 1970 simplicitate
967 1896 1089 1953 secutus

68 1995 115 2049 est
137 1980 183 2069 (v.
198 2008 303 2048 comm.
321 1989 361 2049 ad
373 1991 409 2050 fr.
425 1981 494 2072 XX)
518 1987 646 2048 ridicule
669 2007 688 2048 a
709 1994 802 2066 poeta
824 1989 1003 2068 producitur
1024 1991 1089 2068 ipse

68 2086 236 2163 discipulos
264 2090 360 2146 artem
387 2087 442 2147 has
469 2085 631 2146 lenticulas
655 2086 804 2164 coquendi
826 2087 935 2147 docens
959 2092 990 2149 et
1011 2089 1092 2148 inter

68 2185 132 2244 alia
161 2183 220 2243 hoc
255 2202 375 2262 quoque
406 2184 595 2262 praecipiens
626 2187 664 2243 ut
689 2184 772 2261 pulti
798 2184 989 2244 immisceant
1016 2184 1090 2246 duo·

68 2281 219 2340 decimam
251 2282 402 2341 coriandri
430 2285 557 2359 partem.
614 2300 676 2359 qua
708 2281 825 2341 ratione
858 2281 1027 2358 castigatur
1059 2285 1091 2342 et

68 2379 200 2438 barbara
220 2379 347 2439 Zenonis
365 2379 551 2456 parsimonia
569 2370 612 2459 (v.
631 2397 724 2455 supra
742 2396 847 2437 comm.
863 2378 902 2437 ad
914 2377 951 2436 ir.
966 2370 1036 2461 XX)
1060 2383 1091 2440 et

70 2475 238 2536 stoicorum
251 2476 398 2554 doctrina,
417 2495 454 2536 ex
472 2495 534 2553 qua
552 2469 568 2535 ὁ
583 2469 677 2554 σοφός
696 2478 805 2535 cuncta
820 2475 946 2534 minima
959 2476 1091 2537 maxima

72 2591 151 2632 nnus
180 2572 316 2632 omnium
343 2573 457 2650 optime
485 2573 609 2650 calleat3
638 2572 721 2651 quod
742 2592 803 2634 non
825 2573 928 2650 potuit
949 2574 1091 2636 festivius

70 2671 163 2730 rideri
196 2688 289 2747 quam
321 2674 387 2730 arte
420 2671 569 2730 culinaria
597 2671 640 2731 sic
667 2670 707 2731 ad
733 2671 898 2732 stoicorum
924 2672 1092 2750 principem

70 2769 178 2846 relata,
200 2768 380 2844 praesertim
403 2787 473 2828 cum
494 2768 591 2830 lentes
613 2787 742 2846 coquere
760 2772 825 2828 tam
842 2767 958 2846 nullius
976 2769 1091 2847 negotii

72 2867 121 2944 sit,
145 2869 182 2925 ut
204 2865 266 2924 iam
289 2865 371 2942 apud
395 2866 537 2943 antiquos
560 2865 689 2926 comicos
713 2867 816 2943 φακῆν
836 2861 922 2940 ἕψειν
940 2858 1092 2924 διδάσκειν

74 2983 170 3041 paene
199 2963 239 3021 in.
254 2963 475 3040 proverbialem
496 2982 588 3023 usum
610 2962 720 3022 abierit
743 2953 795 3043 (cf.
818 2960 973 3037 Aristoph.
998 2959 1091 3038 Gery-

72 3059 133 3120 tad
157 3061 194 3120 fr.
218 3062 280 3120 201
306 3058 405 3138 Dind,
431 3062 492 3121 159
516 3061 620 3138 Kocla,
643 3059 808 3137 Antiphan.
826 3056 952 3118 Homoe.
971 3057 1006 3116 fr.
1028 3060 1090 3117 173

73 3157 162 3218 Mein.
178 3160 210 3217 et
223 3149 341 3238 Koclr.)
370 3157 422 3217 sed
440 3158 515 3217 mire
530 3175 601 3217 saue
614 3157 675 3215 loci
689 3155 767 3215 sales
782 3153 917 3230 corrupit
931 3153 1092 3233 Bergkius‚

73 3255 126 3332 qui
138 3254 224 3315 Poet.
239 3256 295 3332 lyr.
311 3253 361 3314 Gr.
375 3255 407 3314 Π
422 3275 451 3333 p.
468 3247 546 3316 368⁴
568 3255 648 3313 hunc
666 3271 789 3314 versum
807 3251 918 3312 statuit
937 3264 973 3310 ex
995 3251 1091 3330 ipsius

76 3352 204 3414 Zenonis
222 3353 354 3412 carmine
374 3352 478 3430 aliquo
493 3343 531 3434 (1)
550 3350 682 3428 petitum
700 3367 765 3408 esse
784 3347 866 3426 quod
884 3351 984 3428 φανῇς
1002 3342 1091 3431 ἐγκύ-

75 3471 140 3526 μων
158 3449 274 3510 dictum
288 3450 329 3510 sit
343 3467 361 3508 a
374 3450 529 3510 Demetrio
543 3449 581 3508 de
596 3449 754 3524 eloo.170‚
773 3446 818 3505 ita
835 3449 872 3506 ut
890 3465 968 3524 quae
984 3448 1092 3509 Timon

76 3547 227 3607 malitiose
246 3546 382 3607 finxisset
400 3548 464 3625 ipse
484 3547 624 3608 credulus
643 3533 820 3605 admitteret
837 3548 994 3622 tamquam
1012 3564 1092 3607 vera.
