2542 3996
95 222 440 268 raum-mm
492 235 529 244 —
579 199 641 264 161
694 236 730 244 -

97 361 202 444 μα’συς.
250 356 484 444 (Eustathius
507 363 539 422 in
562 363 597 422 Il.
622 358 663 438 [Ξ
683 355 760 444 320]
784 384 813 440 p.
838 366 915 442 989,
940 367 983 425 30
1006 367 1058 427 τοῦ
1082 365 1115 426 dl

98 456 163 522 κατ’
189 454 274 522 οἶνον
289 508 295 520 .
312 508 318 520 .
334 507 340 519 .
355 453 506 520 Διονύσου
530 455 687 538 μέμνηταί,
712 476 800 538 φασι,
822 458 872 521 καὶ
898 461 997 540 Τίμων
1020 460 1052 523 ἐν
1074 459 1114 549 τῷ

98 553 219 640 (βαρὺν
245 591 282 600 -
308 551 511 641 ἐπέκοπτενν.)

149 727 158 744 ·
172 728 198 768 v.
221 719 232 766 1
253 701 304 780 ἧκε
319 709 448 765 Metueke
466 708 566 782 philol.
580 707 632 763 XV
646 727 674 778 p.
688 714 754 765 333:
773 705 807 779 ἠὲ
826 709 892 766 libri
910 713 1023 781 praeter
1038 712 1113 782 opt

98 797 241 869 Eusteth.)
261 799 310 867 qui
329 815 397 863 om.;
419 789 470 867 ἦγε
494 796 744 868 schweighauser}
760 793 925 868 Λυκοόργου
938 797 1116 856 Valckenaer

98 890 136 944 ad
150 887 268 945 Theocr.
282 885 415 942 adoriar.
435 904 462 956 p.
478 891 530 942 340
545 901 586 954 sq.
600 887 610 955 [Ι
624 904 649 941 v.
664 891 680 940 2
700 882 842 943 dcccdccc
857 885 891 942 0:
911 883 1045 944 διονῦοου
1054 889 1115 946 AB

99 980 129 1034 et
146 975 287 1045 ausam,
306 974 458 1030 διοννύσου
478 973 563 1030 PVL
578 978 582 1044 1
599 967 804 1045 ἄριθμοττυίτας
822 976 857 1045 Α,
877 971 1076 1047 ἄρνθμοπότας
1089 979 1117 1033 Β

98 1069 128 1122 et
147 1065 287 1134 Eustath„
305 1057 473 1136 ἆριθμόπας
493 1063 521 1117 Ρ
532 1066 542 1134 l
559 1069 616 1120 ud
636 1060 706 1133 ρυτά
726 1082 896 1135 οριπταονεν
913 1065 950 1136 Δ,
969 1061 1040 1138 docel
1059 1063 1115 1138 ὀρί-

96 1172 225 1210 πτασαετ
238 1154 301 1209 ΒΡ
314 1156 319 1223 Ι
335 1149 492 1222 ἀρυσαίνας
509 1152 655 1206 Meinelre:
669 1147 824 1222 decredere
838 1152 904 1209 ath.
919 1173 946 1226 p.
961 1160 1013 1211 445
1028 1159 1115 1228 (quod

98 1243 214 1315 flagitat
231 1241 344 1298 Lobeck
362 1241 472 1312 pathol.
491 1239 561 1311 prol.
580 1259 608 1310 p.
630 1243 700 1312 176),
720 1236 866 1310 dcccdccc
885 1244 949 1298 ath.
969 1264 997 1315 p.
1017 1252 1070 1302 424

165 1457 262 1500 coum.
300 1437 381 1498 Haec
407 1455 477 1496 curn
500 1435 686 1496 insecundo
710 1438 848 1498 sillorum
866 1438 944 1499 libro
963 1441 1114 1518 legantur,

96 1537 137 1598 ad
167 1537 288 1598 nullum
314 1535 521 1612 antiquiorum
548 1534 797 1612 philosophorum
819 1537 933 1596 maiore
957 1556 1026 1598 oum
1047 1557 1115 1615 pro·

96 1633 261 1694 habilitate
289 1633 462 1693 referuntur
488 1650 580 1709 quam
604 1632 643 1691 ad
666 1631 863 1710 Heraclitum,
887 1653 977 1710 quem
1000 1636 1115 1712 optimo

96 1734 164 1791 iure
191 1731 295 1809 potuit
317 1730 517 1807 Xenophanes
545 1729 643 1789 dicere
667 1729 825 1808 flagellum
847 1731 1001 1810 Lycurgo,
1028 1734 1116 1796 cuius

97 1830 270 1910 βουπλῆγος
311 1829 494 1907 grevitmem
535 1827 693 1904 descripsit
727 1828 876 1889 Homerus
913 1831 938 1888 Z
972 1831 1033 1890 133
1063 1848 1115 1910 ορ,

97 1927 198 1988 acrius
226 1927 370 1988 vibrasse.
420 1927 472 1986 ille
500 1925 580 1984 enim
607 1925 732 1985 summis
760 1929 791 1986 et
818 1926 1018 1987 acerbissimis
1046 1947 1115 1988 con-

96 2026 184 2086 viciis
208 2024 372 2104 castigavit
395 2029 426 2084 et
447 2023 643 2101 philosophos
663 2023 803 2102 quiante
823 2045 893 2085 eum
911 2026 1115 2087 inclamarent

97 2127 128 2183 et
150 2126 258 2202 poetas
282 2121 504 2183 illustrissimos
527 2125 559 2182 et
581 2140 738 2181 commune
761 2123 884 2201 volgus:
909 2122 979 2182 vide
1002 2123 1037 2182 fr.
1065 2127 1113 2184 16.

99 2223 154 2298 173
171 2223 245 2280 119.
261 2222 325 2280 120
344 2224 376 2279 et
393 2219 567 2280 testimonia
581 2237 675 2295 supra
688 2218 727 2279 ad
740 2219 777 2278 fr.
791 2219 939 2280 XXVIIII
953 2218 1113 2298 adscripta.

97 2321 233 2377 ceterum
256 2337 363 2378 moneo
385 2317 512 2377 tertium
533 2333 655 2376 versum
679 2315 771 2377 etiam
794 2316 833 2378 ad
850 2317 1025 2395 Lycurgum
1047 2336 1113 2393 per·

97 2414 207 2492 tinere,
235 2415 289 2492 qui
316 2417 459 2474 narratur
482 2415 593 2491 pocula
615 2418 791 2491 potatorum
814 2415 963 2474 effudisse.
1009 2415 1114 2492 itaque

97 2512 301 2572 necessarium
313 2531 374 2572 non
387 2512 510 2573 videtur
523 2515 559 2572 ut
573 2530 642 2571 cum
651 2512 800 2573 Meinekio
814 2513 834 2571 l.
844 2530 866 2572 a.
882 2515 1000 2572 statuas
1015 2511 1114 2589 philo·

96 2610 227 2687 sophum
250 2610 400 2687 quendem
422 2610 487 2686 peti
509 2610 563 2688 qui
583 2609 760 2670 ebrietatem
778 2610 1005 2688 vituperaverit,
1028 2611 1115 2671 velut

97 2707 316 2786 Pythagoram:
348 2708 526 2784 praesertim
553 2725 622 2766 cum
653 2726 740 2768 nemo
769 2727 874 2768 eornm
900 2711 964 2768 tam
992 2711 1113 2768 strenue

97 2805 195 2884 egerit
217 2809 254 2865 ut
276 2804 432 2865 ebrietatis
456 2805 635 2865 severiorem
657 2823 727 2865 eum
746 2825 837 2883 quam
854 2805 1029 2883 Lycurgum
1047 2806 1113 2867 vin-

98 2901 195 2961 dicem
214 2902 280 2962 iure
304 2901 422 2962 dixeris.

519 3237 691 3300 XXXIIVII

139 3361 199 3425 καί
219 3377 285 3424 που
305 3352 529 3443 Ἀναξαγόρην
553 3351 634 3443 φάσ’
660 3360 799 3443 ἔμμεναι
821 3353 962 3444 ἄλκιμον
987 3353 1058 3444 ἥρω

142 3466 259 3546 Νοῦν,
283 3461 335 3530 ὅτι
359 3459 400 3548 δὴ
424 3461 504 3542 νόος
527 3457 630 3553 αὐτῷ,
654 3457 692 3541 ὃς
715 3463 868 3550 ἐξαπίνης
892 3465 1062 3551 ἐπεγείρας

139 3570 250 3639 πάντα
273 3571 533 3658 συνεσφήκωσεν
559 3565 645 3657 ὁμοῦ
667 3570 892 3658 τεταραγμένα
915 3579 1076 3660 προσθεν.

149 3685 258 3735 Gotones.
272 3686 303 3727 11
919 3681 949 3730 11
