2542 3996
540 244 582 254 —
632 209 695 272 150
743 245 783 254 —-
1048 233 1181 276 rruoms

157 375 259 434 tamen
283 371 420 432 addenda
442 371 592 434 videntur.
628 365 766 449 ἄτυφος
788 392 875 433 nemo
899 377 1021 450 praeter
1043 373 1180 451 Pyrrho-

156 489 226 530 nem
249 489 267 528 a
290 470 414 529 Timone
438 469 580 548 habetur;
604 470 656 530 sed
679 487 813 530 summae
838 471 909 530 huic
932 471 1017 531 laudi
1039 473 1181 549 proxima

156 572 203 628 est
224 567 418 644 Xenophanis
445 561 621 645 ὕπαιύφου,
644 570 663 630 i.
688 587 711 628 e.
736 588 754 628 a
777 567 949 647 dogmatico
972 569 1057 630 fastu
1079 589 1179 646 paene

157 666 256 726 alieni.
283 697 320 708 -
349 658 595 744 Ὁμηραπιὶιης
621 666 818 745 vocabulum,
848 685 920 728 sane
949 670 1055 728 contra
1077 667 1179 728 bonae

158 763 268 824 aetatis
292 766 389 824 certas
413 764 535 841 regestas
558 784 577 824 a
598 767 690 841 poeta
711 764 830 842 fictum,
861 765 1013 844 significat
1035 765 1179 826 fraudem

156 860 194 920 ab
217 861 349 921 Homero
372 861 403 920 in
427 861 551 922 deomm
579 863 692 922 fabulis
720 863 918 923 commissam.
963 866 1072 924 notum
1096 865 1180 924 enirn

155 963 201 1019 est
219 959 435 1035 Xenophanem
458 961 565 1020 acerbe
583 961 779 1038 vituperasse,
799 960 881 1036 quod
898 959 1049 1020 Homerus
1068 959 1179 1020 Hesio-

156 1056 273 1134 dusque
297 1057 343 1117 dis
366 1057 541 1118 tribuerunt
563 1058 699 1118 facinora
720 1077 781 1118 non
804 1057 904 1119 solum
926 1057 1030 1118 divino
1049 1057 1178 1118 numine

153 1172 278 1230 prorsus
306 1155 433 1232 indigna
460 1155 514 1215 sed
537 1174 615 1233 quae
639 1157 733 1216 ctiam
756 1156 839 1232 apud
860 1155 997 1216 homines
1020 1155 1180 1233 flagitiosa

155 1251 352 1312 haberentur:
376 1252 412 1310 cf.
436 1251 516 1312 infra
534 1254 608 1312 Xen.
628 1253 686 1313 sill.
706 1253 741 1312 fr.
756 1253 796 1312 11.
838 1256 973 1312 ceterum
993 1253 1077 1312 hand
1095 1256 1178 1314 male

154 1349 277 1426 quidem
304 1349 445 1410 Xthnius
473 1351 513 1410 ad
539 1349 639 1412 Laert.
663 1353 683 1410 l.
707 1369 729 1410 s.
753 1343 963 1428 Ὁμηραπάτην
990 1351 1179 1412 vocabulum

154 1445 185 1504 in
208 1444 437 1507 Aldobrandina
460 1448 606 1526 scriptum
629 1449 728 1509 voluit
750 1467 815 1510 esse
840 1442 1018 1507 ‘Homerum
1040 1445 1179 1510 calcans’

154 1542 218 1602 sive
243 1537 508 1606 ‘Homeromastix’
541 1548 654 1607 collato
686 1546 828 1606 similiter
859 1547 1047 1606 conformato
1080 1547 1179 1608 verbo

152 1633 357 1718 καιινοιιᾶιηςς
395 1642 520 1703 eandem
557 1645 740 1721 scripturam
777 1643 975 1703 Kreusslerns
1011 1644 1043 1702 in
1076 1645 1178 1706 lexico

153 1735 338 1800 Passoviano
356 1741 459 1816 potius
475 1734 772 1801 ‘Homerverdreher’
791 1741 1011 1818 interpretatus
1030 1745 1078 1800 est
1095 1744 1178 1802 tam·

156 1853 247 1912 quam
275 1837 313 1897 ad
340 1838 404 1896 eius
428 1836 604 1897 Homericae
626 1839 768 1915 perediae
791 1843 987 1915 spectantem.
1034 1838 1088 1898 sed
1112 1859 1178 1900 om-

154 1933 227 1992 nino
241 1953 302 1993 non
316 1938 363 1994 est
377 1954 431 1994 cur
443 1935 475 1995 id
489 1935 571 2015 quod
581 1937 679 1996 solum
688 1937 822 1996 traditur
832 1937 913 2014 apud
923 1935 1049 1996 Sextum
1059 1929 1178 2015 ὅμηρα·

151 2024 247 2108 πᾶιης
260 2035 427 2092 mutemus:
442 2033 479 2093 cf.
487 2033 638 2112 Bergkius
647 2053 723 2094 mus.
731 2033 825 2094 Rhen.
833 2033 946 2094 XXXV
954 2055 983 2118 p..
991 2035 1056 2092 244
1067 2033 1138 2093 adn.
1147 2037 1176 2094 1.

218 2129 328 2190 Verbis
351 2124 449 2203 ἐκτὸς
476 2123 533 2190 ἀπ’
564 2124 768 2209 ἀνθρώπων
796 2136 888 2212 putat
911 2131 1176 2193 Zimmermannus

153 2248 182 2306 p.
204 2231 244 2288 15
265 2260 306 2271 -
330 2228 389 2288 nisi
412 2229 489 2288 falso
513 2229 699 2290 subobscure
722 2229 818 2306 ipsius
841 2230 935 2290 verba
950 2229 1104 2312 intellego
1130 2262 1176 2270 -

153 2325 281 2386 indicari
302 2309 519 2403 Xenophanem
546 2324 667 2386 finxisse
695 2325 786 2387 deum
812 2328 903 2404 plane
932 2325 970 2400 ab
997 2326 1177 2388 hominibus
1262 2393 1263 2402 ,

149 2423 307 2484 diversum
335 2415 432 2503 (quod
455 2423 536 2484 idem
558 2425 658 2484 voluit
679 2423 821 2484 thnius
844 2442 910 2484 esse
933 2415 1176 2505 decoctores),

154 2520 338 2580 audiendum
360 2521 457 2598 igitur
479 2514 551 2582 ὄντα
574 2539 653 2598 esse,
678 2525 780 2582 cetera
802 2540 875 2582 vero
899 2521 1036 2597 epitheta
1060 2522 1176 2597 apponi

154 2617 194 2677 ad
216 2618 387 2676 accuratius
410 2618 622 2678 declarandam
644 2619 722 2679 hanc
744 2618 902 2679 rationem.
946 2619 1041 2678 talem
1065 2621 1172 2678 tamen

153 2715 409 2775 constructionem
437 2715 529 2776 verba
556 2716 671 2776 tradita
693 2736 754 2777 non
776 2715 952 2777 admittunt.
998 2717 1172 2777 necessario

148 2813 234 2872 enim
260 2813 353 2874 verba
380 2807 462 2887 ἐκτὸς
489 2806 542 2874 ἀπ’
573 2806 647 2874 ἄνθ.
672 2815 832 2875 referenda
859 2818 932 2886 sunt
959 2813 999 2873 ad
1025 2807 1173 2875 ἐπλάσατο

150 2911 385 2991 significantque
404 2911 546 2973 similiter
564 2916 656 2991 atque
674 2912 706 2973 in
719 2912 879 2974 Homerico
899 2912 1036 2990 exemplo
1056 2910 1173 2972 deflexo

152 3009 254 3069 locum
278 3029 338 3088 quo
361 3015 497 3072 moratus
516 3010 580 3071 sive
598 3011 749 3072 rationem
768 3030 829 3089 qua
846 3029 921 3070 usus
940 3010 1030 3070 deum
1049 3007 1173 3069 finxisse

153 3107 307 3184 cogitatam
333 3108 549 3186 Xenophanes,
577 3109 630 3186 qui
656 3110 747 3186 plane
775 3108 813 3169 ab
840 3109 998 3169 bominum
1025 3107 1174 3167 societate

152 3209 285 3265 semotus
311 3206 330 3264 i.
350 3224 375 3265 e.
394 3206 472 3266 nihil
494 3206 581 3286 vulgi
604 3206 777 3283 opinionem
799 3225 909 3268 curans
931 3210 963 3266 et
986 3205 1050 3266 suis
1073 3204 1172 3282 ipsius

154 3302 226 3361 solis
250 3302 487 3380 cogitationibus
510 3303 647 3365 intentus
670 3323 783 3364 numen
805 3303 943 3364 divinum
965 3301 1099 3380 definiit,
1122 3303 1173 3363 vel

152 3401 189 3457 ut
215 3402 297 3458 recte
324 3399 386 3458 iam
414 3401 524 3461 Sextus
543 3399 773 3479 'interpretatur
800 3393 843 3484 (v.
867 3392 975 3481 supra)
1003 3395 1172 3480 ἒδογμᾶιιζε
1260 3481 1261 3486 ¹

152 3489 232 3574 παρὰ
255 3488 306 3568 τὰς
328 3498 387 3556 τῶν
409 3491 507 3558 ἄλλων
529 3491 702 3574 ἀνθρώπων
724 3493 898 3577 προλήψεις.

218 3593 298 3653 Item
321 3596 409 3669 patet
427 3594 512 3655 Sexti
534 3595 633 3655 verbis
652 3587 729 3656 εἶναι
747 3589 780 3654 δὲ
799 3593 974 3674 σφαιροειδῆ
993 3590 1044 3654 καὶ
1062 3585 1170 3672 ἀπαθῆ
