2542 3996
375 717 568 790 TABVLA
601 715 892 790 ARGVMENTI

118 927 147 992 1.
172 923 491 993 eouununlrio
515 949 545 1012 p.
565 925 675 992 s-es

168 1041 207 1107 de
230 1045 343 1120 σίλλος
365 1044 453 1108 vocis
477 1042 584 1108 radice
608 1047 641 1107 et
663 1045 826 1128 potestate
849 1064 880 1127 p.
900 1041 930 1108 5.
949 1042 970 1107 6

167 1138 206 1204 de
230 1141 377 1205 sillorum
401 1141 673 1224 descriptionibus
697 1141 839 1224 antiquis
862 1163 892 1226 p.
913 1141 941 1205 7.
960 1141 980 1205 8

169 1237 206 1302 de
231 1238 438 1324 sillographis
463 1237 596 1302 Graecis
619 1260 650 1323 p.
674 1238 783 1304 8-78

100 1445 103 1450 .
212 1378 251 1445 dc
274 1379 410 1445 Timone
433 1379 579 1445 Phliasio
603 1404 632 1464 p.
653 1379 762 1444 8-55

258 1531 274 1586 1
300 1527 337 1587 de
362 1527 495 1588 Timonis
518 1527 692 1605 biographis
716 1547 744 1602 p.
764 1527 872 1584 8-11

256 1627 274 1684 2
300 1625 336 1686 de
357 1626 491 1686 Timonis
510 1626 575 1686 vita
593 1646 621 1701 p.
638 1626 759 1702 8-133
779 1623 815 1684 de
834 1624 899 1684 eius
918 1627 1018 1684 aetate
1035 1644 1064 1699 p.
1081 1625 1136 1702 133
1214 1609 1217 1613 ’

299 1723 335 1782 de
364 1723 429 1783 eius
457 1724 591 1783 moribus
619 1723 813 1800 p.14—16;
845 1721 882 1781 de
913 1723 978 1782 eius
1001 1723 1084 1782 fama
1106 1726 1138 1782 et

299 1821 455 1896 discipulis
479 1842 507 1898 p.
527 1823 581 1896 173
605 1819 641 1878 de
665 1818 799 1878 amicitia
823 1839 914 1896 quam
937 1819 1045 1878 habuit
1068 1837 1136 1878 cum

298 1918 394 1978 Arato
422 1939 450 1995 p.
480 1922 527 1978 17.
551 1920 606 1994 18,
641 1936 710 1976 cum
737 1915 909 1976 Alexandro
937 1915 1047 1976 Aetolo
1075 1915 1136 1975 Ho-

297 2034 441 2092 meroque
460 2016 577 2092 tragico
591 2036 619 2092 p.
632 2017 681 2074 18.
700 2016 753 2090 193
777 2015 814 2074 de
833 2015 897 2074 eius
917 2014 1026 2074 studiis
1044 2035 1072 2090 p.
1086 2016 1135 2074 19.

300 2114 355 2188 203
375 2113 412 2170 de
432 2113 496 2171 eius
515 2113 635 2188 scriptis
654 2133 682 2188 p.
699 2114 840 2189 20-30,
859 2112 985 2188 poeticis
1004 2132 1032 2187 p.
1049 2114 1132 2170 21-

300 2213 350 2286 27,
368 2209 513 2285 prosaicis
527 2231 555 2287 p.
568 2211 707 2286 27—29,
726 2210 834 2269 incerti
849 2210 966 2287 generis
980 2229 1008 2284 p.
1025 2210 1075 2269 29.
1093 2211 1135 2269 30

254 2317 334 2400 3111
363 2316 497 2376 Timonis
526 2316 603 2375 sillis
626 2337 654 2392 p.
676 2317 820 2392 30-55;
852 2316 888 2375 de
917 2317 1009 2375 titulo
1034 2336 1062 2390 p.
1084 2317 1134 2391 30,

298 2415 334 2475 de
358 2414 581 2475 commentariis
605 2417 636 2473 et
659 2413 877 2488 expilatoribus
896 2413 1029 2490 antiquis
1047 2432 1076 2488 p.
1093 2414 1132 2471 31

300 2513 395 2588 -35,
414 2511 450 2570 de
469 2513 709 2590 fragmentorum
724 2512 953 2572 collectionibus
967 2533 995 2588 p.
1012 2512 1062 2570 35.
1078 2511 1134 2588 363

299 2609 335 2668 dc
363 2629 468 2669 eorum
496 2613 675 2688 argumento
705 2613 735 2669 et
758 2609 855 2669 forma
877 2631 905 2686 p.
921 2609 1065 2683 scs—393
1098 2606 1135 2665 dc

298 2725 403 2766 eornm
425 2706 621 2781 dispositione
644 2728 672 2784 p.
693 2709 838 2784 39-483
866 2706 902 2765 de
926 2725 1030 2765 eorum
1052 2705 1134 2782 frag·

297 2805 407 2864 mentis
426 2804 526 2863 dubiis
540 2825 568 2880 p.
584 2807 635 2864 49.
652 2807 708 2880 503
727 2805 763 2863 de
778 2823 883 2864 eorum
896 2800 1133 2879 proprietatibus

297 2923 325 2978 p.
341 2904 397 2978 503
422 2901 457 2960 de
481 2901 728 2962 adnotationibus
751 2902 864 2962 criticis
882 2901 973 2960 huius
992 2900 1133 2960 editionis

296 3001 471 3076 p.51-55

210 3133 248 3200 de
272 3135 484 3221 Xenophanis
508 3134 705 3220 Colophonii
729 3137 812 3202 sillis
836 3159 864 3220 p.
884 3135 1017 3200 55-64

209 3231 247 3296 de
271 3234 391 3316 cynicis
416 3233 625 3318 sillographis
649 3257 678 3318 p.
698 3234 829 3299 65—78
943 3296 953 3324 .›
1112 3237 1121 3256 ‘

256 3383 272 3438 1
298 3379 335 3438 de
360 3380 472 3458 cynicis
496 3379 735 3459 σπουδογελοίοις
757 3401 785 3456 p.
803 3381 932 3440 66-72

254 3479 272 3535 2
298 3475 334 3535 de
358 3475 489 3537 Cratetis
513 3477 612 3554 cynici
635 3477 711 3536 sillis
734 3499 762 3555 p.
779 3481 829 3538 72.
846 3480 887 3538 73

254 3576 272 3634 ³
297 3575 334 3634 de
357 3574 462 3634 Bionis
487 3576 588 3636 satiris
612 3579 643 3636 et
665 3576 741 3636 sillis
765 3595 793 3653 p.
810 3577 939 3635 73-77
