2542 3996
93 211 142 254 sn.
159 212 235 254 nar
480 225 521 234 -
570 189 632 253 171
681 225 723 236 -

93 353 183 414 Brut.
208 354 259 430 85,
284 354 362 431 2923
386 351 423 412 de
446 351 523 412 offic.
546 353 563 412 I
587 345 747 434 30,108).
792 353 910 414 mutavi
932 353 1028 432 igitur
1049 357 1112 414 tra-

94 451 197 511 (litum
219 444 375 522 ῦπαττιιιός
393 450 426 510 in
444 443 603 530 ῦπαστιιιός
626 441 723 532 (quod
741 450 846 510 fictum
865 468 929 510 esse
949 452 1056 528 opinor
1075 451 1114 512 aul

95 568 235 610 normam
253 547 339 611 verbi
355 539 560 629 ῦπόγροικος),
583 548 762 626 praesertim
784 566 855 607 cum
874 540 1040 621 ῦπαττιιιός
1062 549 1114 612 vix

97 647 160 708 dici
186 646 334 724 potuerit,
362 644 448 706 cuius
468 639 598 706 Ἀττικὸν
620 647 752 724 μυκτῆρα
775 663 878 705 omnes
905 645 1020 725 norint,
1049 647 1112 708 eive

94 743 253 805 laudarint
274 745 338 805 sive
361 743 616 820 reprehenderint.

161 841 248 902 Duas
266 843 425 918 praeterea
443 841 563 902 'limoni
580 859 704 919 prorsus
722 841 892 918 peculiares
910 841 1112 918 proprietates

95 938 129 998 in
155 940 214 998 hoc
240 939 411 1016 fragmento
436 938 677 1000 animadvertere
701 943 761 1018 est,
783 938 916 1015 primum
938 939 1112 1001 annomina-

98 1036 215 1096 tionem
237 1035 269 1094 in
291 1036 392 1096 verbis
410 1029 522 1115 μυκτὴρ
540 1028 756 1117 ῥητορόμυκτος
776 1036 931 1114 adscitam,
955 1036 1025 1097 dein
1044 1055 1112 1097 con-

98 1133 299 1194 structionem
319 1153 379 1194 non
396 1134 442 1194 ita
461 1134 643 1213 elegantem,
668 1153 704 1194 ex
723 1152 783 1212 qna
802 1134 924 1212 singula
941 1134 1113 1212 philosophi

98 1231 258 1292 cniusdam
281 1231 417 1309 epitheta
439 1224 606 1304 ἀσυνδέτους
628 1233 714 1292 iuxta
737 1250 770 1292 se
792 1235 955 1308 ponuntur.

460 1505 503 1565 LI
525 1496 736 1587 (eaproter.)

255 1612 276 1707 ἦ
301 1623 345 1708 ῥα
367 1617 428 1689 τὸν
452 1619 514 1689 οῦκ
538 1622 668 1691 ἐθέλων
690 1635 886 1709 καταμεῖναι

138 1726 315 1815 ἠθολόγον

163 1931 251 1974 ruer.
289 1912 422 1974 Sextus
445 1913 576 1992 Elmpir.
601 1913 667 1974 adv.
691 1914 790 1993 dogm.
813 1915 829 1974 I
855 1919 896 1976 10
928 1909 945 1977 ὁ
973 1910 1027 1994 μὲν
1054 1907 1111 1996 γὰρ

100 2005 227 2073 Πλάτων
253 2004 364 2083 παντὸς
391 2007 498 2089 μίρους
523 2010 702 2089 φιλοσοφίας
725 2006 804 2095 αὐτῷ
827 2005 1009 2094 (Σωκράτει)
1032 2031 1114 2090 μετα-

99 2109 234 2185 δίδωσιν,
255 2110 309 2169 τοῦ
327 2103 381 2186 μὲν
399 2110 519 2189 λογικοῦ
536 2103 669 2188 παρόσον
690 2107 758 2189 περί
781 2103 861 2188 όρων
883 2107 933 2170 καί
952 2106 1113 2188 δατρὲσεων

96 2203 147 2266 ιιαί
169 2203 360 2286 ἐτυμολογίας
384 2208 575 2284 παριτσῆκται
603 2205 712 2284 ζητῶν,
739 2197 815 2283 ὅπερ
838 2203 897 2267 ἐστί
918 2200 1035 2287 λογικοί,
1061 2209 1114 2268 τοῦ

98 2301 131 2364 δὲ
157 2297 272 2382 ἠθικοῦ
298 2297 342 2364 ῦτι
369 2300 436 2382 περί
462 2296 567 2382 ἀρετῆς
594 2301 644 2363 καί
670 2303 815 2376 πολιτείας
842 2300 892 2364 ιιαί
920 2297 1023 2382 νόμων
1050 2302 1113 2364 δια·

98 2396 257 2477 σκέπτεται,
279 2402 331 2462 τοῦ
355 2395 388 2461 δὲ
410 2402 541 2478 φυσικοῦ
563 2394 607 2461 ὅτι
629 2398 682 2460 καὶ
702 2399 770 2480 περί
791 2395 904 2480 κόσμου
926 2423 954 2462 τι
975 2398 1025 2461 καί
1047 2398 1114 2480 περί

17 2569 20 2582 .
98 2497 260 2577 ζωογονίας
285 2495 334 2558 καί
362 2499 464 2576 ψυχῆς
491 2491 740 2577 πεφιλοσόφηκεν.
785 2496 876 2560 ἔνθεν
897 2496 948 2560 καί
970 2492 987 2561 ό
1013 2498 1113 2577 Τίμων

99 2593 224 2656 αίτιῦποιι
246 2588 298 2656 τὸν
316 2589 464 2655 Πλότωνοι
482 2591 530 2655 ἐπί
552 2596 592 2679 τῷ
610 2589 687 2657 οῦτω
710 2597 902 2670 καλλωπίζειν
919 2590 972 2658 τὸν
989 2590 1114 2676 Σωκρά-

97 2714 153 2770 την
170 2694 289 2764 πολλοῖς
307 2685 493 2771 μαθήμασιν·
514 2680 555 2771 «ἦ
570 2685 658 2773 γάρ»,
677 2711 762 2773 φησι,
781 2688 854 2756 «τόν
872 2727 915 2738 -
933 2688 1114 2774 ἠθολόγων».

167 2835 219 2882 v.l
241 2815 258 2894 τ’]
275 2826 397 2881 Bekkerr
416 2819 434 2895 ἦ
448 2825 514 2881 libri
529 2830 534 2895 1
550 2823 587 2898 §a
601 2825 713 2898 scripsi:
733 2824 787 2896 γὰρ
801 2827 868 2882 libri
884 2833 888 2896 Ι
906 2823 1014 2883 ἐθέλων
1029 2847 1114 2882 κατα-

97 2921 194 2986 μεῖναι
213 2913 325 2984 scripsi:
353 2912 492 2969 ἐθέλοντα
515 2921 611 2985 μεῖναι
633 2914 712 2983 libri3
738 2912 832 2972 ίθίλιι
851 2923 1021 2986 καταμεῖναι
1040 2916 1112 2970 Zim-

97 3019 245 3058 mermann
264 3019 323 3072 prg.
343 2999 455 3072 Erlsng.
475 3021 501 3073 p.
521 3007 568 3071 223
588 2999 728 3060 ἐθέλοντα
746 3006 854 3075 μιαίνει
872 3005 902 3060 1⁴¹.
922 3003 1036 3060 Schoell

165 3189 262 3232 coum.
287 3169 476 3230 sumendum
495 3175 542 3230 est
560 3171 725 3249 abruptum
744 3191 809 3234 essa
828 3173 1029 3248 enuntiatum,
1054 3190 1114 3248 quo

101 3271 244 3330 narratur
271 3267 360 3327 Plato
383 3266 538 3328 Socratem
565 3268 690 3329 mirifice
719 3287 890 3346 eromenes,
922 3287 992 3328 eum
1019 3269 1116 3328 nollet

101 3388 171 3428 eum
200 3383 322 3424 manere
349 3355 510 3445 ἠθολόγον.
554 3364 586 3425 id
608 3366 708 3443 ipsum
731 3386 802 3427 vero
826 3365 952 3428 verbum
975 3365 1117 3428 bifariam

100 3465 196 3541 valet3
230 3463 324 3542 vulgo
356 3463 436 3522 enim
469 3461 620 3542 significat
652 3463 778 3522 mimum
810 3463 872 3525 sive
901 3481 1035 3526 sennam
1063 3456 1115 3547 (ef.

101 3563 134 3626 0.
145 3561 288 3638 hahnius,
310 3561 425 3639 proleg.
449 3560 481 3620 in
499 3561 637 3622 Persium
659 3582 688 3638 p.
707 3559 775 3622 XOI
798 3565 829 3622 st
851 3563 938 3622 relat.
957 3581 1016 3622 soc.
1035 3561 1116 3638 Lips.
