2548 4004
351 175 706 239 .-73-

78 337 154 398 culo
189 338 367 398 coniunctus
400 356 464 399 esse
496 338 566 398 inde
598 339 768 416 colligitur,
805 339 887 416 quod
921 358 1024 400 omnes
1057 341 1107 402 de·

79 437 227 512 sumptae
258 439 331 496 suut
363 454 397 494 ex
425 436 650 497 enumeratione
677 435 865 496 diversorum
893 456 969 515 quos
997 438 1108 500 viderit

80 531 193 600 Cretes
211 532 462 610 philosophorum
480 533 623 594 instituta
641 532 672 591 in
690 531 814 592 Homeri
827 533 959 606 Νεκυίας
978 536 1108 612 speciem

80 627 135 689 καὶ
167 621 231 708 μὴν
258 630 385 692 εἰσεῖδον
412 635 470 692 κτλ.
515 634 653 691 tenemus
680 630 777 708 igitur
803 630 948 707 reliquias
976 631 1107 694 Orctetis

81 727 227 788 sillorum
255 728 309 806 qui
336 746 409 788 num
437 747 573 807 uuquam
601 746 620 787 e
647 727 799 788 veteribus
825 728 880 788 hoc
903 729 1022 789 nomine
1046 732 1107 793 sint

82 825 238 902 appellati
266 844 338 886 sene
365 826 532 904 ignoratur.
578 816 712 885 ‘satiras’
738 844 819 903 vero,
841 825 900 884 nisi
923 827 1023 886 omnia
1050 828 1106 888 fcl—

80 923 164 999 lunt,
187 921 244 982 hoe
266 921 352 982 sillos
375 922 452 982 dixit
473 921 643 1000 Appuleius
667 923 720 1001 qui
743 924 856 984 Florio.
876 942 900 982 c.
919 925 960 983 20
974 945 1003 1000 p.
1019 926 1106 1002 34‚4

80 1021 217 1099 Krllger.
250 1019 385 1096 scripsit:
422 1020 580 1096 Xenophon
612 1020 716 1094 (canit)
748 1022 898 1090 dtrtore'os,
932 1021 1108 1082 Xenocrates

81 1123 207 1196 satirae,
229 1118 283 1178 ubi
307 1137 361 1196 pro
387 1117 563 1180 Xenocrates
589 1137 650 1178 non
675 1118 867 1194 Xenophanes
892 1119 973 1197 quod
996 1118 1106 1180 Casan·

82 1217 185 1278 bonus
218 1217 331 1293 voluit,
371 1216 424 1276 sed
454 1215 556 1277 Crates
587 1215 808 1276 restituendum
841 1236 905 1278 esse
937 1218 1108 1296 nuperrime

82 1315 179 1374 evicit
202 1313 274 1373 ΕΠ.
298 1305 478 1393 Rohdius¹).

153 1411 212 1470 His
244 1410 343 1471 tribus
370 1411 550 1488 fragmentis
578 1410 675 1470 adieci
702 1430 762 1471 non
790 1412 849 1472 nisi
876 1414 1106 1477 cunctabundus

84 1509 148 1568 tria
183 1527 263 1586 quae
295 1508 433 1585 quamvis
462 1508 580 1585 possint
607 1527 643 1567 ex
670 1508 773 1570 eodem
802 1513 893 1587 atque
920 1513 1022 1588 pn‘ora
1048 1515 1109 1574 trie

86 1606 272 1686 deprompta
294 1605 398 1666 haberi
422 1606 561 1674 camnine,
584 1610 713 1682 possunt
734 1609 837 1666 tamen
860 1608 965 1668 eodem
988 1612 1054 1671 iure
1073 1632 1108 1672 ex

86 1706 164 1782 alio;
187 1705 241 1764 sed
264 1705 418 1782 singulare
440 1722 549 1780 poema
572 1704 626 1762 hos
650 1721 754 1764 versus
777 1705 856 1764 inter
879 1723 910 1765 se
934 1713 1015 1768 certe
1037 1728 1106 1770 con·

87 1803 210 1862 iunctos
232 1801 367 1862 effecisse
390 1801 442 1862 vix
460 1801 645 1862 crediderim.
687 1801 795 1879 quodsi
814 1803 845 1862 in
864 1805 958 1864 tantis
976 1805 1108 1866 tenebris

87 1899 238 1976 suspicari
266 1900 352 1975 licet,
381 1897 511 1960 Cratetis
535 1899 620 1958 sillos
643 1899 687 1960 ita
709 1905 899 1976 comparatos
922 1901 1016 1964 fuisse
1038 1923 1107 1964 con—

87 1998 192 2074 iciam,
231 2001 268 2057 ut
300 1997 352 2056 ille
384 2001 547 2074 postquem
578 2002 693 2058 ceteras
726 2016 828 2058 onmes
859 1999 1108 2078 philosophorum

88 2101 187 2156 sectas
230 2095 439 2172 descripsisset
478 2099 685 2174 transgressus
726 2099 806 2156 esset
846 2097 885 2156 ed
925 2097 1108 2158 laudandam

87 2194 234 2271 cynicum.

156 2289 286 2350 Accedit
302 2290 383 2350 alter
395 2289 487 2348 Bion
505 2289 730 2366 Borysthenitai,
750 2289 835 2348 cuius
855 2289 936 2348 dicta
950 2293 981 2349 et
995 2290 1107 2367 scripte

90 2389 179 2464 plane
208 2388 345 2464 cynicum
373 2405 445 2463 prae
473 2405 505 2446 se
528 2386 606 2446 ferre
630 2386 758 2462 speciem
782 2386 843 2444 iam
866 2403 958 2463 supra
981 2377 1024 2465 (p.
1051 2380 1107 2470 67)

89 2485 162 2545 dixi:
196 2489 227 2546 et
259 2485 321 2543 fere
355 2503 470 2562 omneS,
503 2483 555 2562 qui
587 2487 658 2560 post
688 2503 736 2543 me
772 2483 808 2542 de
835 2484 930 2543 Bione
958 2483 1107 2564 dixerunt,

90 2582 213 2642 eandem
228 2581 411 2642 sententiam
426 2580 557 2658 amplexi
572 2585 656 2642 sunt:
670 2583 799 2661 Riesius,
808 2584 953 2660 Rohdius,
962 2585 1106 2644 Duemm-

90 2682 181 2757 lorus,
204 2679 356 2740 Himelius
379 2670 476 2760 a1i12).
520 2677 551 2738 id
573 2697 669 2738 unum
692 2697 771 2740 nunc
795 2681 882 2760 eddo,
904 2699 964 2741 non
985 2687 1066 2742 recte
1089 2701 1108 2742 a

160 2851 186 2916 1)
205 2865 276 2903 mue.
296 2847 386 2902 Rhen.
406 2846 453 2900 XL
471 2865 499 2918 p.
520 2851 571 2901 112
591 2864 632 2915 eq.

159 2931 188 2996 2)
207 2927 329 2996 Riesiue,
343 2927 479 2984 Varronis
494 2928 573 2981 sotir.
588 2928 683 2997 reliqu.
699 2946 726 2999 p.
742 2935 771 2996 93
786 2929 922 2996 Rohdius‚
937 2930 985 2984 Gr.
996 2929 1106 2985 Roman
1177 2983 1179 2990 .

91 3027 117 3078 p.
136 3013 189 3063 tto
208 3007 287 3074 edn.;
307 3006 515 3072 Ducrnmlerus,
534 3005 655 3062 Antistii.
676 3025 701 3076 p.
723 3014 769 3075 '103
789 3006 938 3077 Hirreliue,
961 3007 1105 3064 Ueteral]

91 3106 116 3158 p.
133 3093 167 3144 60
181 3086 246 3142 cdn.
266 3092 296 3152 23
317 3086 367 3142 sed
383 3086 427 3140 Fr.
442 3085 611 3142 Fritzechiue
630 3087 667 3140 ad
685 3085 801 3142 Lucieni
820 3087 864 3142 sui
882 3085 937 3144 vol
951 3087 977 3140 ΙΙ
994 3087 1107 3156 perti]

92 3165 282 3236 prolegomen
301 3171 352 3232 §⁷
377 3171 471 3222 utrem
493 3164 571 3220 Bion
593 3165 799 3237 Boryntmitce
825 3169 912 3234 secem
937 3167 975 3222 od
996 3173 1109 3224 ceterae

94 3247 271 3304 inmiendar
287 3246 422 3317 Menippo
436 3244 602 3316 madebit
620 3262 692 3301 anne
710 3246 822 3302 Laudic
839 3244 882 3300 ite
901 3247 1057 3317 quaesivit,
1076 3250 1108 3304 ut

93 3325 226 3396 quidquid
260 3327 294 3381 de
326 3329 388 3382 toto
421 3323 475 3381 hoo
508 3321 665 3379 litterarum
700 3342 801 3394 genere
830 3327 985 3383 recentiore
1013 3331 1107 3385 aetate

92 3407 284 3462 elucubratum
301 3406 340 3462 eit
356 3407 441 3476 plene
459 3406 604 3476 ignorasse
621 3403 758 3460 rideatur.
796 3408 921 3460 ceteram
935 3407 1017 3463 doleo
1032 3410 1106 3478 quod

94 3484 264 3557 Hocgvlietii
283 3485 509 3542 dissertationem
529 3489 563 3544 de
580 3484 670 3540 Bione
687 3484 817 3556 Borpells.
835 3486 1129 3557 (Lugd.l3et.1821)'

93 3567 229 3638 inspicere
247 3583 304 3622 non
321 3565 410 3636 potui.
