2548 4004
478 173 697 238 ..63-

81 357 142 417 quo
171 339 254 416 apud
278 339 517 415 Theodoretum,
542 337 596 398 Gr.
620 339 669 410 aff.
694 291 752 397 cur.
774 338 822 397 ΠΙ
847 339 886 398 72
906 358 935 415 p,
955 339 1012 416 49,
1033 330 1098 419 26),

80 437 133 496 ubi
156 437 265 496 traditi
289 440 361 496 sunt
384 454 455 496 sene
478 436 510 494 hi
533 435 594 495 duo
617 453 723 495 versus

145 545 211 612 ἀλλ’
236 551 268 612 ολ
288 548 387 630 βροτολ
411 550 535 612 δοκοῦσι
557 554 722 630 γεννᾶσθαι
743 543 850 626 θεούς,

145 642 203 727 τὴν
226 645 370 726 σφετέρην
393 641 421 707 d’
447 640 592 730 ἒσθῆταῑ)
615 645 691 728 ἔχειν
713 642 823 727 φωνήν
845 669 874 709 τε
897 644 986 726 δέμας
1008 669 1045 708 τε.

148 763 210 822 Sed
241 767 278 822 ut
306 767 409 840 aperte
437 764 534 823 dicem
558 763 639 841 quod
662 763 773 841 sentio,
804 764 894 840 plane
917 763 1058 823 abhorret
1081 783 1108 822 e.

81 867 194 921 natum
213 861 394 938 antiquioris
412 879 536 938 poeseos
555 862 626 921 talis
644 865 810 920 metrorum
829 860 973 921 confusio.
1006 860 1100 920 distet

81 960 160 1018 enim
192 958 275 1044 heud
301 959 441 1035 paullum
469 959 550 1036 quod
576 959 608 1018 in
636 977 745 1037 genere
768 977 892 1036 poeseos
915 957 1099 1018 ludibundae

81 1056 289 1133 compluribus
331 1056 511 1115 hexametris
553 1055 742 1116 subiectus
785 1060 832 1116 est
873 1057 1023 1133 senarius,
1064 1060 1101 1116 ut

81 1153 234 1231 Mergitee
258 1153 415 1212 exordium
436 1153 493 1213 hoc
515 1153 588 1212 fuit:
910 1151 920 1156 ’

197 1257 273 1346 ἦλθέ
296 1291 339 1341 τις
361 1267 403 1341 εἰς
425 1271 595 1345 Κολοφῶνα
617 1265 711 1349 γέρων
733 1265 782 1328 κοιλ
805 1270 888 1342 θεῖος
910 1263 1025 1347 ἀοιδός,

198 1360 357 1427 Μουσάων
379 1359 522 1445 θεροὶττων
545 1363 594 1426 κοιλ
617 1360 761 1444 ἑκηβόλον
780 1360 981 1444 Ἀπόλλωνος,

289 1463 379 1544 φίλης
401 1460 477 1541 ἔχων
499 1460 531 1522 ἐν
553 1461 653 1542 χερσὶν
676 1459 849 1544 εὔφθονγον
871 1458 977 1544 λύρην,

82 1587 112 1639 et
144 1583 281 1642 testetur
311 1579 426 1640 hierius
458 1578 647 1657 Victorinus,
680 1584 734 1638 art.
762 1597 886 1654 ρνοοτον.
914 1581 961 1638 ΙΠ
983 1601 1012 1658 p.
1038 1583 1100 1642 133

82 1677 160 1737 Keil.
185 1679 298 1738 duobus
320 1678 491 1752 pluribusve
516 1677 688 1736 lrcxcmetris
716 1680 883 1752 antepositis
904 1669 950 1750 (in
968 1679 1102 1753 Marpitc

83 1775 246 1848 Homerus)
278 1778 366 1835 λοίνντ
395 1771 569 1848 (senarium)
596 1775 739 1834 subiciens
767 1775 916 1850 copulavit.
964 1775 1103 1835 similiter

84 1873 161 1933 dixit
187 1871 361 1932 Carneades
393 1873 425 1930 in
452 1871 619 1931 Mentorem
650 1871 833 1950 discipulum
860 1873 978 1952 inpium
1006 1865 1101 1955 (apud

83 1971 185 2031 Laert.
210 1969 298 2049 Diog.
322 1969 366 2028 IV
392 1962 448 2051 63)
720 1971 722 1978 '

201 2085 343 2146 πωλεῖταί
361 2105 404 2157 τις
425 2083 513 2162 δεῦρο
535 2081 631 2164 γέρων
653 2077 736 2158 ἅλιος
758 2079 916 2166 νημερτής,

200 2179 336 2260 Μέντορι
358 2175 510 2260 εἰδόμενος
531 2174 607 2260 ἠμὲν
630 2178 719 2260 δέμας
741 2175 796 2260 ἠδὲ
818 2180 868 2242 καλ
890 2175 999 2261 αὐδήν·

292 2282 396 2341 τοῦτον
418 2281 524 2358 σχολῆς
545 2272 629 2357 τῆσδ’
655 2276 868 2360 ἐκκεκηρῦχθαι
891 2276 973 2361 λέγω.

87 2398 149 2458 elie
167 2398 307 2474 exemplu
325 2416 385 2456 non
402 2415 526 2474 prorsus
540 2396 630 2475 peria
650 2400 785 2456 ettamen
803 2396 834 2455 in
849 2395 1105 2473 comparationem

85 2493 223 2556 iocunde
245 2493 338 2555 habes
361 2494 393 2553 in
414 2493 571 2555 Eiresione
593 2493 718 2554 Homeri
740 2495 789 2554 vel
816 2495 848 2553 in
876 2493 1103 2574 epigrammatis

85 2613 113 2652 n.
137 2595 205 2652 450
229 2596 260 2652 et
283 2594 347 2652 588
371 2591 511 2652 Kcibelii.

155 2690 214 2749 Sed
237 2689 371 2750 senarios
392 2689 574 2750 hexametris
598 2691 661 2748 sine
684 2691 739 2750 ille
761 2690 878 2750 ratione
901 2691 1105 2770 interpositos,

87 2805 179 2865 quum
202 2787 323 2866 egregie
347 2787 505 2866 descripsit
522 2787 698 2848 Welckerus
723 2778 789 2868 (der
810 2787 997 2848 Homemssselc
1018 2788 1105 2848 Mar·

84 2888 158 2959 pilos
175 2903 250 2945 mus.
270 2883 364 2944 Rhen.
380 2885 423 2944 XI
441 2905 470 2962 p.
486 2885 549 2946 505
571 2909 613 2932 ==
631 2885 682 2946 Κλ.
695 2883 776 2945 sicr.
790 2885 835 2943 IV
848 2905 876 2961 p.
892 2877 959 2966 ³3),
978 2886 1103 2964 antiquo

87 2987 196 3060 poetes
225 3001 243 3041 c
270 2982 357 3042 ouius
385 2983 536 3062 gravitate
564 2983 695 3059 pusillus
723 2984 809 3044 lusus
836 2999 959 3058 prorsus
987 2982 1105 3042 alienus

88 3087 134 3141 est
163 3080 247 3139 nefas
273 3098 331 3158 ogo
357 3079 434 3140 duco
459 3080 633 3140 attribuere.
685 3081 803 3140 accedit
828 3080 909 3157 quod
937 3080 1105 3157 complures

89 3177 248 3238 continuos
280 3177 469 3238 hexametros
502 3177 638 3240 videmus
671 3179 760 3238 certis
792 3177 980 3256 argumentis
1008 3178 1105 3239 Xeno-

89 3275 197 3352 phenis
230 3275 307 3334 sillis
340 3274 494 3353 edsigneri
522 3293 623 3354 posse,
656 3276 792 3353 singulos
815 3293 935 3353 quoque
959 3277 1106 3354 quosdam

91 3371 211 3432 disertis
234 3370 424 3450 testimoniis,
448 3373 501 3434 sed
523 3374 647 3434 unicum
669 3373 746 3432 illud
765 3391 824 3450 quo
844 3371 928 3434 nisus
948 3378 994 3435 est
1011 3375 1105 3434 wila·
1156 3409 1159 3418 ‚

166 3560 192 3628 l)
210 3555 263 3629 τὴν
282 3558 420 3630 σφετέρην
443 3557 552 3629 ἐσθῆτά
572 3555 644 3633 <τ’>
664 3558 739 3630 ἔχειν
759 3558 921 3615 Karstenius
940 3578 967 3630 p.
987 3565 1030 3616 89.
