2542 3996
570 235 612 246 -
660 198 723 264 156
770 235 811 244 —
1072 221 1206 264 rmorrs

182 382 273 441 quem
300 363 473 423 neeure'lius
501 363 731 423 describendum
754 362 855 422 utitur
877 366 909 422 ei
930 363 1116 440 proverbiali
1141 363 1204 423 ‹lie-

181 461 264 520 tione
282 453 434 538 Ἑλλήνων
456 453 475 538 ἡ
499 463 581 521 πάσα
604 453 683 531 δἰζός
707 451 796 540 (haee
820 461 900 520 enim
925 461 1102 522 verbalem
1123 461 1206 521 nnti-
1259 495 1260 538 η

182 559 336 635 quissimis
367 557 555 637 temporibus
586 558 618 617 in
649 557 843 634 proverbium
872 557 982 618 abiisse
1010 558 1205 619 demonstrat

181 656 213 714 ni
240 656 332 717 fallor
358 656 533 717 Archilochi
563 673 669 718 versus
698 654 753 731 [52
778 653 903 733 Bergk]
932 647 972 728 ὡς
995 651 1204 734 Πανελλήνων

181 745 262 827 licie
285 751 315 826 ἐς
340 748 442 814 Θάσον
465 744 663 835 συνέδραμεν)
691 757 723 813 el
745 754 882 830 exemplo
904 747 1025 833 κόγχου,
1049 754 1134 832 quod
1158 755 1205 812 fe.-

180 849 237 911 bee
270 871 366 930 genus
397 850 583 930 pauperibus
615 851 762 912 vilissimo
795 850 861 910 cibo
894 851 988 911 fuisse
1019 869 1089 910 enm
1119 851 1206 928 apud

181 949 332 1009 Romanos
355 969 410 1027 per
431 949 608 1010 Iuvenalem
625 949 766 1026 1112933
789 947 861 1008 XIV
881 951 941 1008 131
967 949 1207 1026 Marninlemqne

181 1045 242 1104 VH
266 1049 306 1106 77
331 1050 398 1106 tum
421 1047 502 1124 apud
522 1045 651 1106 Graecos
674 1065 729 1122 per
750 1043 904 1106 Crelelem
926 1045 1067 1122 cynicum
1091 1037 1144 1125 (fr.
1164 1051 1203 1104 11
1260 1031 1261 1068 ί

181 1135 307 1225 Bergk.)
335 1147 462 1204 constet.
509 1148 601 1220 elque
629 1144 742 1220 optime
769 1144 873 1220 poluit
900 1144 976 1203 lelie
998 1144 1205 1222 Xenophanes

180 1241 315 1317 proferre
338 1241 403 1318 ipse
427 1241 463 1300 de
486 1241 552 1301 vile
574 1260 630 1302 sua
652 1241 726 1300 haee
750 1241 859 1302 effetus
883 1233 933 1322 (fr.
955 1245 972 1302 7
993 1234 1121 1323 Bergk.)
1140 1237 1204 1320 ἤδη

185 1330 213 1395 δ’
239 1331 311 1398 ἓτττά
338 1331 362 1398 τ’
388 1335 451 1398 ἔασι
474 1335 524 1397 καί
547 1331 678 1417 ἑξήκοντ’
703 1335 835 1400 ἐνιαυτοί
856 1334 861 1418 Ι
886 1338 1105 1418 βληστρίζοντες
1128 1334 1208 1418 ἐμὴν

181 1427 317 1512 φροντίδ’
342 1427 391 1495 ἀν’
412 1428 541 1496 Ἑλλάδα
562 1438 628 1516 γῆν.
670 1439 804 1496 celerum
832 1436 868 1496 (le
895 1437 1038 1497 Teiomm
1060 1455 1139 1513 pene
1166 1441 1204 1497 ul

181 1530 259 1590 nihil
277 1532 399 1593 aliunde
417 1533 560 1611 innonit,
585 1534 631 1594 ite
647 1527 780 1612 καρύκκη
800 1553 818 1593 e
837 1534 930 1612 Lydis
948 1534 1054 1611 primis
1074 1535 1204 1594 inventa
1261 1529 1262 1532 ’

182 1632 246 1688 tam
268 1631 425 1705 preeelern
446 1631 520 1708 fuit,
548 1634 585 1689 ui
608 1649 710 1690 omnes
734 1632 787 1708 qui
810 1624 994 1709 όψαρτυτικά
1016 1631 1208 1709 scripserunt

182 1725 218 1785 de
247 1745 282 1786 ee
309 1729 510 1805 comparanda
537 1731 677 1788 accurate
699 1727 908 1805 praeceperint
931 1719 983 1809 (ef.
1007 1728 1119 1789 Athen.
1143 1731 1206 1790 XII

181 1845 209 1901 p.
234 1816 320 1906 51⁰);
347 1826 409 1886 fuit
432 1844 517 1904 vero,
545 1829 582 1884 ut
605 1825 649 1885 eil
673 1826 822 1886 Zenobius
845 1827 873 1884 V
898 1830 916 1887 3
942 1818 994 1908 (ef.
1018 1825 1152 1905 Hesyeh.
1179 1849 1206 1890 v.

184 1913 326 2004 καρόκη),
345 1922 450 2002 βρῶμα
463 1917 600 1984 Λυδικὸν
619 1921 651 1982 ἐκ
669 1926 786 1986 πολλῶν
803 1915 982 2003 ἡδυσμάτων
1001 1919 1143 1999 συνεστὸς
1156 1923 1208 1986 καί

183 2017 312 2096 αἵματος.

501 2305 641 2366 XXXXV
665 2297 722 2386 (46
746 2298 882 2388 proeed.)

227 2415 272 2497 ιδς
297 2418 354 2488 καὶ
377 2418 463 2506 ἐμάν
487 2419 613 2508 ὄφελον
636 2426 781 2490 πυκινοῦ
803 2423 895 2490 νόου
914 2420 1137 2508 ἀντιβολῆσαι

228 2522 551 2612 ἀμφοτερόβλετττος·
576 2529 672 2615 δολίη
697 2525 729 2594 δ’
755 2525 825 2621 ὁδῷ
850 2529 1063 2616 ἐξαπατήθην

229 2631 456 2717 πρεσβυγενὴς
479 2633 579 2700 ἐτέων
602 2631 886 2722 κεύμενδήριστος
907 2632 1038 2721 ἀπάσης

227 2736 464 2824 σκεπτοσύνης·
489 2735 577 2826 ὅππη
601 2737 666 2828 γάρ
690 2738 772 2827 ἐμὸν
795 2739 879 2809 νόον
903 2741 1091 2829 είρύσοιιμι,

195 2847 274 2922 σείς
297 2845 335 2910 lv
357 2842 458 2914 ταύτό
480 2872 515 2913 τε
538 2850 606 2914 πᾶν
631 2843 801 2915 ἀνελύετο·
825 2851 894 2914 πᾶν
917 2843 949 2914 δ’
971 2845 1029 2915 ἐὸν
1053 2849 1122 2916 αίελ

226 2951 332 3036 πάντη
360 2950 586 3039 ἀνελκόμενον
614 2959 696 3041 μίαν
723 2958 770 3032 είς
798 2955 903 3042 φύσιν
928 2951 1042 3022 λίσσονθ’
1069 2955 1205 3043 ὁμοίην.

479 3138 600 3180 Honfflm
622 3140 761 3181 DETORTI
784 3137 901 3183 VERSVS

180 3223 210 3278 in
227 3243 255 3280 v.
276 3231 303 3280 1:
323 3245 343 3279 α
361 3233 413 3281 217
433 3222 471 3290 ὡς
489 3223 525 3297 δὴ
545 3222 629 3296 ἔγωγ’
651 3223 757 3296 ὄφελον
780 3228 891 3299 (eadem
910 3244 1006 3283 verene
1025 3229 1104 3298 sede)

325 3317 351 3370 0
368 3322 419 3371 461
439 3312 561 3371 πυκινὸν
580 3313 649 3372 νόον
669 3317 779 3386 (eadem
796 3333 893 3372 verene
912 3316 990 3387 sede)

306 3401 351 3458 ’Δ
369 3409 422 3458 314
441 3405 477 3459 nl.
496 3401 587 3476 μάχης
606 3407 773 3476 καυστειρῆς
791 3401 976 3478 ἀντιβολῆσαι

181 3491 211 3545 in
229 3510 255 3546 v.
274 3498 304 3545 σε
323 3498 347 3545 Α
365 3497 418 3546 249
437 3491 630 3567 πρεσβυγενής
652 3495 764 3565 (eedem
782 3511 879 3550 versus
897 3495 974 3564 sede)

181 3580 255 3634 inv.
274 3587 304 3634 4:
326 3582 351 3634 Θ
370 3587 421 3636 143
442 3579 511 3644 Διὸς
530 3579 599 3638 νόον
619 3580 770 3652 είρόσαιτο.
