2544 3998
71 190 324 232 mxumxxm
458 205 500 214 -
549 168 610 232 127
658 206 699 214 -

522 367 641 426 XXIIII

113 487 164 562 τίς
187 479 220 548 δ’
248 473 347 562 οὗτος
369 488 480 562 κτίλος
503 479 549 562 ὣς
571 483 781 551 ἐπιπωλεῖται
804 489 917 572 στίχας
936 485 1086 576 οἷνὸρῶνς

116 590 273 675 μωλύτης
295 589 402 656 ἐπέων
424 594 522 670 λίθος
536 587 683 676 Ἄσσιος,
707 587 810 678 ὅλμος
831 587 981 677 ἄτολμος.

372 774 492 817 nonum
514 775 655 819 DETORTI
677 775 794 820 VERSVS

68 871 97 924 in
115 888 141 925 v.
163 876 193 925 1:
212 873 242 925 K
258 876 292 926 82
311 867 400 934 τίς,δ’
421 862 504 935 οὗτος
523 873 634 943 (eedem
653 891 747 929 versus
766 873 843 943 sede)

214 961 242 1013 Γ
259 965 310 1014 196
328 954 416 1024 αύτός
434 957 467 1016 δὲ
486 961 579 1025 κτίλος
599 955 637 1026 ὣς
656 957 838 1017 ἐπιπωλεῖται
856 962 951 1031 στίχοις
966 957 1087 1030 ἀνδρῶν.

133 1127 309 1188 Laertius
327 1128 428 1207 Diog.
447 1127 509 1190 VII
530 1131 593 1190 170
611 1117 650 1208 ἦν
669 1120 861 1212 (Cleanthes)
882 1122 1005 1202 πονικὸς
1023 1124 1087 1208 μέν,

67 1217 170 1302 ἀφυής
202 1216 262 1305 (sio
286 1223 418 1286 Oobetus
444 1245 500 1304 pro
527 1219 688 1309 ἆφοσιιιὸς)
719 1223 752 1287 δὲ
778 1225 828 1287 καλ
855 1220 971 1307 βραδύς
997 1219 1088 1306 ὑπερ·

68 1315 250 1398 βαλλόντως·
275 1315 322 1383 διὸ
340 1320 391 1383 καί
411 1323 512 1402 Τίμων
529 1321 596 1402 περὶ
618 1318 710 1386 αὐτοῦ
728 1341 822 1403 φησιν
843 1320 950 1398 οὕτως·
974 1323 1037 1398 «τίς
1055 1316 1084 1384 δ’

68 1449 109 1460 -
122 1413 282 1497 ἄτολμος».
304 1420 533 1499 Anthologie
546 1420 662 1482 Pelet.
677 1421 720 1480 XI
736 1424 798 1483 296
819 1415 961 1504 (Plannd.
975 1443 1005 1501 p.
1023 1421 1085 1483 133

68 1508 127 1598 St.)
154 1515 304 1595 Τίμωνος·
328 1517 370 1590 τίς
392 1512 567 1596 Κλεάνθην·
592 1518 656 1590 «τίς
679 1549 721 1560 --
745 1513 899 1596 ἄτολμος».

138 1669 164 1706 v.
188 1655 203 1704 1
223 1644 297 1706 οὕτω
316 1650 408 1707 Laert.
427 1652 460 1720 fl
477 1643 509 1714 ὃς
526 1651 618 1707 Laeni.
638 1651 673 1705 H
675 1650 731 1722 PQ
744 1652 754 1720 ΙΙ
766 1670 793 1707 v.
812 1656 828 1705 2
848 1646 975 1721 μωλύτης
993 1650 1086 1706 Laert.

66 1737 138 1793 HP·
150 1739 255 1794 enen:
272 1736 398 1810 μωλντὴς
411 1739 504 1795 Laert.
518 1739 656 1811 BGP¹Q
672 1743 677 1807 Ι
694 1736 795 1808 ἐπέων,
814 1740 895 1803 λίθος
909 1739 1038 1796 Meineke
1055 1739 1086 1793 in

67 1827 196 1883 Caesaris
211 1827 282 1882 dier.
297 1828 403 1897 antiqu.
413 1828 454 1883 ΙΙΙ
466 1844 494 1896 p.
505 1833 570 1883 320:
586 1822 679 1883 ἐνίων
695 1829 777 1896 φίλος
789 1825 856 1882 libri
871 1827 876 1900 Ι
892 1822 977 1899 ὅλμος
990 1828 1083 1884 Laert.

68 1915 135 1970 GH
137 1915 196 1987 ΡΟ

134 2092 233 2136 eonii.
265 2074 417 2134 Innrhane
450 2075 503 2136 sed
529 2094 590 2135 non
617 2075 681 2135 sine
708 2075 817 2136 aoerho
844 2076 981 2136 acumine
1006 2093 1085 2135 oom-

66 2173 258 2248 pmatiouem
266 2171 459 2232 Homericam
474 2191 509 2234 ex
522 2173 646 2234 illorum
661 2177 834 2252 temporum
850 2173 956 2234 nativa
970 2172 1084 2248 simpli·

66 2270 160 2330 citato
184 2271 308 2330 minime
326 2271 517 2332 inhonestam
536 2270 575 2332 ad
595 2290 665 2332 eum
682 2270 898 2349 philosophum
915 2269 1085 2347 transtulit,

66 2367 119 2444 qni
134 2385 154 2427 a
168 2367 427 2428 commilitonibus
442 2368 504 2428 suis
518 2362 589 2442 ὄνος
602 2369 817 2447 appellabatur
830 2361 882 2449 (of.
892 2368 992 2428 Laert.
1007 2367 1026 2425 l.
1037 2358 1084 2448 s).

133 2464 213 2524 Dein
226 2465 393 2525 fasoioulus
407 2466 619 2544 ambiguarum
632 2467 807 2528 irrisionum
820 2466 900 2526 inest
912 2467 1045 2528 inversu
1055 2467 1084 2524 2.

67 2555 205 2640 μωλύτης
233 2562 315 2640 quod
336 2564 463 2625 novavit
486 2564 593 2624 Timon
617 2564 773 2627 derivatur
796 2581 814 2624 a
837 2566 936 2643 μῶλος
957 2567 995 2624 ut
1015 2582 1084 2642 πρε-

66 2652 177 2737 σβύτης
205 2656 389 2738 erepentium
416 2680 515 2738 neque
543 2662 608 2722 sola
635 2662 758 2740 propria
787 2660 970 2740 significatio
993 2661 1085 2738 valet,

67 2774 129 2834 qua
150 2775 227 2818 usne
246 2759 292 2818 est
310 2757 463 2818 Nicander
481 2758 568 2819 Ther.
586 2781 615 2821 v.
635 2761 677 2819 32
700 2760 798 2837 μῶλος
816 2755 997 2837 ἕπιστείβων,
1020 2758 1039 2817 i.
1059 2776 1083 2818 e.

67 2853 235 2914 seeundum
268 2854 464 2916 scholiastenr
496 2850 609 2935 βραδύς
640 2853 690 2916 uel
721 2849 826 2934 νωθὴς
856 2847 877 2934 ἢ
910 2847 1033 2934 μογερὸς
1063 2845 1083 2930 ἢ

66 2945 233 3031 νωχελής..
245 2949 311 3012 ,κοιλ
325 2946 408 3031 μόλις
421 2953 546 3033 βαίνων,
560 2954 613 3014 sed
626 2955 724 3014 multo
738 2953 836 3032 magis
851 2953 944 3014 etiem
954 2949 1085 3030 quadres

67 3049 149 3126 quod
167 3048 321 3128 Hesychio
343 3054 422 3112 teste
445 3054 544 3131 μῶλος
567 3056 613 3113 est
635 3043 802 3130 ὁᾶμιιθής,
825 3055 861 3112 ut
884 3043 1005 3128 μύλνκιι
1021 3048 1084 3107 Za·

67 3147 185 3224 cynthii
208 3147 351 3210 eliserunt
376 3143 428 3211 τὸν
451 3143 631 3211 ἀπαίδευτον
658 3151 691 3210 et
714 3142 852 3227 μωλνρόν
874 3147 928 3208 elii
951 3135 1084 3225 νωθμόν,

67 3233 209 3306 'bardus’
235 3246 332 3324 igitur
353 3248 404 3309 vel
427 3241 599 3325 ‘stupidus'
623 3245 712 3307 audit
734 3244 904 3306 Cleanthes.
945 3244 1020 3304 item
1044 3243 1085 3304 λί-

66 3347 123 3417 θος
146 3335 243 3425 (quse
262 3349 309 3405 eet
325 3347 482 3422 praeolara
499 3344 643 3406 Meinekii
665 3335 852 3425 emendatio)
871 3345 999 3404 vocetur
1017 3341 1084 3421 qui·

66 3443 111 3502 uls
135 3442 265 3520 simplex
287 3447 320 3504 et
341 3443 432 3505 hebes
456 3435 508 3526 (of.
530 3441 686 3519 Aristoph.
709 3440 790 3501 Nub.
815 3443 900 3503 1203
924 3442 1023 3502 stibi
1045 3439 1083 3499 ab

66 3539 286 3618 interpretibus
313 3546 457 3620 congesta
484 3532 635 3623 exempla)
660 3539 777 3618 pariter
800 3543 891 3620 atque
915 3532 1017 3617 ‘lepis'
1040 3539 1083 3599 le·
